1497168381,2050.810000000000,0.047575350000
1497168460,2030.992000000000,0.000424650000
1497168659,2119.799000000000,0.047100000000
1497168806,2098.138000000000,0.004039740000
1497168806,2119.799000000000,0.124223830000
1497168806,2119.800000000000,0.071736430000
1497169047,2089.218000000000,0.005453860000
1497169317,2057.381000000000,0.009041450000
1497170793,2086.150000000000,0.016509430000
1497171559,2119.800000000000,0.028263570000
1497171559,2113.881000000000,0.159472440000
1497171559,2113.882000000000,0.023477440000
1497171559,2119.799000000000,0.071000000000
1497171559,2128.800000000000,0.100000000000
1497171563,2257.995000000000,0.052054400000
1497171563,2226.116000000000,0.005499380000
1497171563,2257.995000000000,0.117122400000
1497171563,2257.996000000000,2.443110370000
1497171693,2103.225000000000,0.005920820000
1497171697,2103.225000000000,0.006000000000
1497171700,2103.225000000000,0.012240650000
1497171703,2103.225000000000,0.049200000000
1497171703,2103.225000000000,0.006613160000
1497171804,2103.218000000000,0.002098320000
1497172141,2096.989000000000,0.076800000000
1497172145,2096.989000000000,0.249293000000
1497172153,2096.989000000000,0.160000000000
1497172159,2096.989000000000,0.028911670000
1497172159,2096.989000000000,0.014400000000
1497174018,2096.871000000000,0.656000000000
1497174018,2096.871000000000,0.059901680000
1497174018,2096.871000000000,0.056100000000
1497174018,2096.871000000000,0.084300000000
1497174018,2096.872000000000,0.143698320000
1497174587,2096.837000000000,0.059901680000
1497174587,2096.836000000000,0.159472440000
1497174587,2096.836000000000,0.656000000000
1497174587,2096.837000000000,0.056100000000
1497174587,2096.837000000000,0.068525880000
1497174650,2096.833000000000,0.059901680000
1497174650,2096.833000000000,0.056100000000
1497174650,2096.835000000000,0.003998320000
1497174743,2096.903000000000,0.159472440000
1497174743,2096.904000000000,0.006127560000
1497175188,2060.014000000000,0.216100000000
1497175188,2060.014000000000,0.033900000000
1497179331,2060.000000000000,0.001800000000
1497179331,2060.000000000000,2.029120000000
1497179331,2060.000000000000,0.065000000000
1497179331,2060.000000000000,0.191000000000
1497179332,2050.000000000000,0.250000000000
1497179332,2058.801000000000,0.059900000000
1497179332,2058.800000000000,0.100000000000
1497179332,2029.004000000000,0.041974860000
1497179334,2001.002000000000,0.005630490000
1497179334,2060.000000000000,0.001800000000
1497179334,2026.260000000000,0.100000000000
1497179334,2005.000000000000,1.000000000000
1497179334,2001.000000000000,0.240554650000
1497181450,2059.485000000000,0.017901830000
1497181619,2069.691000000000,0.032228500000
1497181790,2001.002000000000,0.001017180000
1497181790,2078.899000000000,0.040104270000
1497182055,2067.111000000000,0.003236770000
1497182114,2092.439000000000,0.003724660000
1497182273,2092.439000000000,0.040161080000
1497182597,2094.299000000000,0.000838920000
1497182701,2094.313000000000,0.021000000000
1497182887,2132.778000000000,0.035631730000
1497182887,2255.703000000000,0.844368270000
1497183444,2094.094000000000,0.014862270000
1497183448,2071.565000000000,0.016137730000
1497183480,2253.702000000000,0.000862270000
1497184665,2239.994000000000,0.116900000000
1497184665,2239.994000000000,0.044245330000
1497184665,2239.994000000000,0.110900000000
1497184667,2239.994000000000,0.030400000000
1497184667,2239.994000000000,0.138701650000
1497184680,2017.236000000000,0.057000000000
1497184903,2088.364000000000,0.009666300000
1497184993,2159.492000000000,0.155441960000
1497184993,2159.493000000000,0.042954830000
1497185000,2159.492000000000,0.077100000000
1497185000,2159.492000000000,0.031100000000
1497185002,2159.492000000000,0.497400000000
1497185002,2159.492000000000,0.238800000000
1497185009,2159.491000000000,0.647000000000
1497185009,2017.001000000000,0.013700000000
1497185009,2159.492000000000,0.183700000000
1497185021,2159.492000000000,0.008058040000
1497185021,2159.490000000000,0.155441960000
1497185021,2159.492000000000,0.116400000000
1497185021,2159.492000000000,0.121200000000
1497185021,2159.492000000000,0.190700000000
1497185021,2159.492000000000,0.038700000000
1497185021,2159.492000000000,0.015500000000
1497185062,2159.487000000000,0.121200000000
1497185062,2159.487000000000,0.015500000000
1497185062,2159.487000000000,0.190700000000
1497185062,2159.487000000000,0.138400000000
1497185062,2159.487000000000,0.180200000000
1497185089,2017.001000000000,0.010600000000
1497185099,2159.487000000000,0.000300000000
1497185145,2159.486000000000,0.002831170000
1497185775,2159.469000000000,0.006015640000
1497185797,2159.469000000000,0.516122940000
1497185842,2086.634000000000,0.027477060000
1497185867,2159.461000000000,0.118521310000
1497185867,2159.460000000000,0.116100000000
1497186430,2138.070000000000,0.006045780000
1497186673,2093.976000000000,0.006053480000
1497186702,2093.976000000000,0.006053480000
1497186705,2093.976000000000,0.003277280000
1497186712,2093.976000000000,0.043615760000
1497186931,2159.468000000000,0.027500000000
1497186934,2159.468000000000,0.036500000000
1497186953,2159.468000000000,0.029823050000
1497187073,2160.892000000000,0.013374990000
1497187161,2228.970000000000,0.000625010000
1497187383,2228.979000000000,0.025092510000
1497187383,2228.976000000000,0.126300000000
1497187383,2228.976000000000,0.030400000000
1497187383,2228.977000000000,0.030948120000
1497188213,2160.649000000000,0.052600000000
1497188653,2228.960000000000,0.006015640000
1497188653,2228.979000000000,0.164907490000
1497188653,2230.365000000000,0.027573450000
1497188653,2255.985000000000,1.158003420000
1497189872,2206.871000000000,0.010665370000
1497189881,2206.871000000000,0.026144630000
1497190181,2206.870000000000,0.006042600000
1497190181,2206.872000000000,0.003500000000
1497190181,2206.872000000000,0.007039140000
1497190191,2206.870000000000,0.060418260000
1497193184,2256.000000000000,1.232109360000
1497193184,2253.300000000000,0.100000000000
1497193184,2253.182000000000,3.000000000000
1497193184,2253.209000000000,0.161875000000
1497193184,2253.210000000000,0.006015640000
1497193546,2230.820000000000,0.006044790000
1497193546,2155.235000000000,0.095727420000
1497193546,2204.270000000000,0.003418730000
1497193546,2204.270000000000,0.010609060000
1497194197,2216.276000000000,0.002200470000
1497194372,2216.276000000000,0.000799530000
1497194372,2216.276000000000,0.001100000000
1497197414,2256.000000000000,0.563384360000
1497197414,2252.880000000000,0.006015640000
1497197494,2256.000000000000,0.204506280000
1497197723,2256.001000000000,0.014554080000
1497197725,2256.001000000000,0.143700000000
1497197886,2256.001000000000,0.001700000000
1497199992,2232.391000000000,0.023000000000
1497202911,2257.900000000000,0.019253520000
1497202911,2257.899000000000,0.003246480000
1497203910,2232.357000000000,0.199100000000
1497203917,2232.352000000000,0.048300000000
1497203917,2232.357000000000,0.150900000000
1497204217,2232.356000000000,0.020800000000
1497205376,2217.845000000000,0.199000000000
1497205376,2217.844000000000,0.001500000000
1497205425,2217.844000000000,0.115000000000
1497205448,2230.490000000000,0.006045690000
1497205448,2217.844000000000,0.004259780000
1497205497,2217.843000000000,0.069600000000
1497205592,2217.841000000000,0.010000000000
1497205592,2217.834000000000,0.126000000000
1497205592,2217.834000000000,0.001000000000
1497207125,2197.921000000000,0.009071310000
1497207469,2218.933000000000,0.047022000000
1497207469,2218.934000000000,0.001537550000
1497207469,2235.927000000000,0.173367260000
1497207469,2235.927000000000,0.000928690000
1497207469,2235.927000000000,0.069600000000
1497207469,2235.930000000000,0.006015640000
1497207470,2235.943000000000,0.300000000000
1497207473,2257.900000000000,0.080746480000
1497207473,2273.280000000000,0.061932380000
1497207642,2220.000000000000,0.009960000000
1497207707,2214.603000000000,0.000928690000
1497207721,2105.481000000000,0.048000000000
1497207721,2179.679000000000,0.203900000000
1497207721,2167.300000000000,0.100000000000
1497207721,2214.603000000000,0.001558740000
1497207721,2093.976000000000,0.006037360000
1497207724,2001.000000000000,0.136049050000
1497207724,2001.001000000000,0.018200000000
1497207762,2273.279000000000,0.027400000000
1497208107,2213.740000000000,0.001755580000
1497208338,2242.727000000000,0.014000000000
1497209177,2213.740000000000,0.004290800000
1497209292,2271.158000000000,0.044400000000
1497209491,2214.447000000000,0.013813810000
1497209553,2271.000000000000,0.147000000000
1497209553,2271.000000000000,0.210900000000
1497209553,2271.000000000000,0.397370340000
1497209553,2271.000000000000,0.018600000000
1497209553,2271.000000000000,0.066000000000
1497209553,2271.000000000000,0.034800000000
1497209553,2271.000000000000,0.071500000000
1497209555,2271.000000000000,0.167876330000
1497209569,2001.002000000000,0.029000000000
1497209614,2205.107000000000,0.001286460000
1497209708,2165.685000000000,0.014323370000
1497209815,2165.680000000000,0.098000000000
1497209815,2165.681000000000,0.152000000000
1497209837,2142.607000000000,0.006773620000
1497209853,2142.607000000000,0.007386440000
1497209853,2142.607000000000,0.000676630000
1497209853,2142.607000000000,0.001763610000
1497210210,2140.863000000000,0.223900000000
1497211308,2111.758000000000,0.020786140000
1497216512,2165.784000000000,0.004984360000
1497216512,2165.770000000000,0.006015640000
1497217938,2173.800000000000,0.100000000000
1497219304,2173.801000000000,0.130286590000
1497219304,2173.800000000000,0.048613410000
1497219398,2173.801000000000,0.059156340000
1497219398,2173.800000000000,0.119643660000
1497219478,2173.800000000000,0.033780630000
1497219480,2173.800000000000,0.023013940000
1497219648,2142.784000000000,0.004881540000
1497219648,2081.700000000000,0.078718460000
1497219648,2144.300000000000,0.100000000000
1497219682,2005.000000000000,0.171818460000
1497219682,2081.700000000000,0.021281540000
1497219721,2005.000000000000,0.193900000000
1497219786,2005.000000000000,0.193900000000
1497219835,2005.000000000000,0.192629670000
1497219835,2017.062000000000,0.001170330000
1497219881,2005.000000000000,0.193900000000
1497219961,2005.000000000000,0.053851870000
1497219961,2005.000000000000,0.140048130000
1497220044,2041.618000000000,0.033400040000
1497220076,2144.280000000000,0.006042230000
1497220222,2005.000000000000,0.109951870000
1497220222,2005.000000000000,0.048000000000
1497220222,2002.000000000000,0.036048130000
1497220261,2001.000000000000,0.115323160000
1497220261,2002.000000000000,0.078976840000
1497220798,2001.000000000000,0.192300000000
1497220988,2001.000000000000,0.145534220000
1497220988,2001.000000000000,0.046665780000
1497222791,2086.377000000000,0.012830280000
1497222792,2144.280000000000,0.003527670000
1497222792,2204.999000000000,0.047000000000
1497222792,2204.999000000000,0.298000000000
1497222792,2204.999000000000,0.084700000000
1497222792,2205.000000000000,0.100000000000
1497222794,2205.000000000000,0.079600000000
1497222795,2205.000000000000,0.030100000000
1497222799,2205.000000000000,0.035000000000
1497222801,2205.000000000000,0.035269350000
1497222804,2205.000000000000,0.273972700000
1497222809,2205.000000000000,0.216663680000
1497222814,2010.000000000000,0.030300000000
1497223205,2150.440000000000,0.003581680000
1497223981,2190.000000000000,0.993984360000
1497223981,2189.990000000000,0.006015640000
1497229115,2168.305000000000,0.010000000000
1497229682,2168.305000000000,0.038521070000
1497236033,2168.308000000000,0.217439620000
1497236033,2168.309000000000,0.099721620000
1497236250,2168.290000000000,0.006015640000
1497236250,2168.305000000000,0.036984360000
1497236623,2168.300000000000,0.006044290000
1497236758,2168.201000000000,0.053780420000
1497237776,2168.201000000000,0.427400000000
1497237776,2168.200000000000,0.037600000000
1497237808,2168.201000000000,0.001000000000
1497237812,2168.201000000000,0.003546980000
1497243008,2168.130000000000,0.006015640000
1497243008,2168.201000000000,0.008884360000
1497244973,2149.382000000000,0.046000000000
1497244973,2149.382000000000,0.300000000000
1497245120,2146.800000000000,0.006044420000
1497245120,2107.196000000000,0.043446530000
1497245120,2130.848000000000,0.200000000000
1497245120,2150.201000000000,0.300000000000
1497245228,2150.200000000000,0.043446530000
1497245397,2150.200000000000,0.107468290000
1497246625,2146.640000000000,0.006044870000
1497252586,2155.850000000000,0.006015640000
1497252586,2155.092000000000,0.024774260000
1497252588,2155.860000000000,0.026597480000
1497252591,2156.609000000000,0.182900000000
1497252591,2156.610000000000,0.117882030000
1497252594,2155.860000000000,0.026900000000
1497252594,2155.860000000000,0.111100000000
1497252599,2155.860000000000,0.009496360000
1497252599,2155.860000000000,0.045477040000
1497252599,2155.860000000000,0.044114690000
1497252599,2155.860000000000,0.026358680000
1497252599,2155.860000000000,0.022753230000
1497252602,2155.860000000000,0.041413600000
1497252602,2155.860000000000,0.060156400000
1497252602,2155.860000000000,0.029075590000
1497252620,2118.020000000000,0.011400000000
1497252655,2118.020000000000,0.002482020000
1497252678,2011.001000000000,0.019772390000
1497252708,2155.854000000000,0.020000000000
1497252718,2155.852000000000,0.023971740000
1497252718,2155.852000000000,0.027400000000
1497253131,2134.460000000000,0.006046660000
1497253505,2107.615000000000,0.006846800000
1497253505,2107.616000000000,0.020000000000
1497253535,2107.615000000000,0.000153200000
1497253691,2110.000000000000,0.036189570000
1497253768,2080.970000000000,0.000810430000
1497255143,2139.969000000000,0.184000000000
1497255143,2139.970000000000,0.044000000000
1497255143,2139.962000000000,0.010200000000
1497255143,2115.490000000000,0.001548920000
1497255143,2115.489000000000,0.020000000000
1497255143,2139.970000000000,0.019000000000
1497255147,2161.252000000000,0.300000000000
1497255147,2143.689000000000,0.021700000000
1497255147,2141.800000000000,0.082117970000
1497255147,2141.797000000000,0.078300000000
1497255147,2141.797000000000,0.057728260000
1497255147,2066.717000000000,0.123000000000
1497255147,2148.033000000000,0.021900000000
1497255151,2170.181000000000,0.060000000000
1497255151,2170.175000000000,0.057000000000
1497255156,2189.362000000000,0.078300000000
1497255156,2189.362000000000,0.020000000000
1497255161,2189.362000000000,0.180400000000
1497255161,2189.362000000000,0.180400000000
1497255161,2189.362000000000,0.010200000000
1497255164,2189.362000000000,0.042500000000
1497255164,2189.362000000000,0.021700000000
1497255165,2189.362000000000,0.057728260000
1497255165,2189.362000000000,0.180400000000
1497255169,2189.362000000000,0.037500000000
1497255169,2189.362000000000,0.001776590000
1497255192,2064.843000000000,0.037800000000
1497255227,2128.635000000000,0.030600000000
1497255229,2128.635000000000,0.089100000000
1497255229,2128.635000000000,0.034200000000
1497255229,2128.635000000000,0.054000000000
1497255251,2128.634000000000,0.105000000000
1497255285,2128.631000000000,0.180400000000
1497255285,2128.631000000000,0.091300000000
1497255285,2128.631000000000,0.020000000000
1497255285,2128.631000000000,0.180400000000
1497255285,2128.632000000000,0.185400000000
1497255285,2128.636000000000,0.007960150000
1497255285,2128.631000000000,0.180400000000
1497255293,2189.074000000000,0.047900000000
1497255293,2189.074000000000,0.030700000000
1497255293,2189.074000000000,0.185300000000
1497255293,2189.074000000000,0.129300000000
1497255296,2189.074000000000,0.085800000000
1497255296,2189.074000000000,0.047200000000
1497255296,2189.074000000000,0.020400000000
1497255296,2189.074000000000,0.180400000000
1497255296,2189.074000000000,0.180400000000
1497255296,2189.074000000000,0.110800000000
1497255296,2189.074000000000,0.180400000000
1497255296,2189.074000000000,0.180400000000
1497255296,2189.074000000000,0.125100000000
1497255296,2189.074000000000,0.013800000000
1497255296,2189.074000000000,0.180400000000
1497255296,2189.074000000000,0.125700000000
1497255296,2189.074000000000,0.180400000000
1497255296,2189.074000000000,0.094000000000
1497255296,2189.074000000000,0.180400000000
1497255296,2189.074000000000,0.093700000000
1497255296,2189.074000000000,0.043900000000
1497255300,2189.074000000000,0.180400000000
1497255300,2189.074000000000,0.180400000000
1497255300,2189.074000000000,0.074500000000
1497255300,2189.074000000000,0.180400000000
1497255300,2189.074000000000,0.033000000000
1497255300,2189.074000000000,0.091300000000
1497255300,2189.074000000000,0.180400000000
1497255300,2189.074000000000,0.089300000000
1497255300,2189.074000000000,0.180400000000
1497255300,2189.074000000000,0.180400000000
1497255300,2189.074000000000,0.180400000000
1497255300,2189.074000000000,0.180400000000
1497255300,2189.074000000000,0.089700000000
1497255300,2189.074000000000,0.174900000000
1497255300,2189.074000000000,0.180400000000
1497255304,2189.074000000000,0.180000000000
1497255304,2189.074000000000,0.180400000000
1497255304,2189.074000000000,0.078300000000
1497255304,2189.074000000000,0.021900000000
1497255304,2189.074000000000,0.180400000000
1497255304,2189.074000000000,0.180400000000
1497255307,2189.074000000000,0.444026340000
1497255307,2189.074000000000,0.180300000000
1497255307,2189.074000000000,0.003455480000
1497255307,2189.074000000000,0.010500000000
1497255311,2189.074000000000,0.180400000000
1497255311,2189.074000000000,0.126200000000
1497255311,2189.074000000000,0.020000000000
1497255311,2189.074000000000,0.053500000000
1497255311,2189.074000000000,0.024400000000
1497255311,2189.074000000000,0.108400000000
1497255314,2189.074000000000,0.135800000000
1497255314,2189.074000000000,0.011788720000
1497255314,2189.074000000000,0.180300000000
1497255317,2189.074000000000,0.074100000000
1497255320,2189.074000000000,0.067800000000
1497255321,2189.074000000000,0.056700000000
1497255321,2189.074000000000,0.075200000000
1497255321,2189.074000000000,0.307968310000
1497255337,2188.836000000000,0.039700000000
1497255337,2188.836000000000,0.017900000000
1497255340,2188.836000000000,0.063100000000
1497255340,2188.836000000000,0.062900000000
1497255343,2188.836000000000,0.074600000000
1497255343,2188.836000000000,0.053100000000
1497255343,2188.836000000000,0.022400000000
1497255351,2188.836000000000,0.040400000000
1497255351,2188.836000000000,0.180300000000
1497255351,2188.836000000000,0.180400000000
1497255354,2188.836000000000,0.180500000000
1497255354,2188.836000000000,0.180400000000
1497255354,2188.836000000000,0.180200000000
1497255356,2188.836000000000,0.180400000000
1497255356,2188.836000000000,0.169200000000
1497255356,2188.836000000000,0.170900000000
1497255356,2188.836000000000,0.074100000000
1497255356,2188.836000000000,0.088100000000
1497255356,2188.836000000000,0.074600000000
1497255368,2188.669000000000,0.040400000000
1497255381,2188.669000000000,0.004400000000
1497255410,2188.668000000000,0.018500000000
1497255410,2188.668000000000,0.053100000000
1497255410,2188.668000000000,0.011100000000
1497255410,2188.668000000000,0.180500000000
1497255410,2188.668000000000,0.074100000000
1497255410,2188.668000000000,0.055000000000
1497255410,2188.668000000000,0.040600000000
1497255410,2188.668000000000,0.017900000000
1497255410,2188.668000000000,0.180300000000
1497255415,2188.688000000000,0.040200000000
1497255419,2188.688000000000,0.050600000000
1497255419,2188.688000000000,0.180500000000
1497255420,2188.688000000000,0.020000000000
1497255423,2188.688000000000,0.013200000000
1497255423,2188.688000000000,0.044700000000
1497255423,2188.688000000000,0.018500000000
1497255426,2188.688000000000,0.045300000000
1497255427,2188.688000000000,0.340539780000
1497255427,2188.688000000000,0.132000000000
1497255437,2188.688000000000,0.131700000000
1497255437,2188.688000000000,0.040000000000
1497255437,2188.688000000000,0.011500000000
1497255440,2188.688000000000,0.011200000000
1497255440,2188.688000000000,0.180500000000
1497255445,2188.688000000000,0.018400000000
1497255445,2188.688000000000,0.039800000000
1497255456,2189.073000000000,0.044390660000
1497255456,2188.836000000000,0.003455860000
1497255456,2188.835000000000,0.180500000000
1497255456,2188.835000000000,0.020000000000
1497255456,2188.834000000000,0.180300000000
1497255456,2188.688000000000,0.015400000000
1497255456,2188.688000000000,0.015600000000
1497255458,2189.362000000000,0.001678440000
1497255458,2189.350000000000,0.006015640000
1497255458,2189.074000000000,0.003455480000
1497255458,2189.074000000000,0.003455480000
1497255461,2191.412000000000,0.093600000000
1497255463,2191.412000000000,0.180500000000
1497255466,2191.412000000000,0.177900000000
1497255466,2191.412000000000,0.020000000000
1497255466,2191.412000000000,0.039600000000
1497255466,2191.412000000000,0.044800000000
1497255470,2191.412000000000,0.102100000000
1497255470,2191.412000000000,0.102000000000
1497255470,2191.412000000000,0.143200000000
1497255472,2191.412000000000,0.343656890000
1497255474,2191.412000000000,0.026800000000
1497255476,2191.412000000000,0.378255090000
1497255476,2191.412000000000,0.049337620000
1497255482,2191.412000000000,0.180000000000
1497255508,2189.705000000000,0.180300000000
1497255508,2189.705000000000,0.039500000000
1497255508,2189.705000000000,0.044800000000
1497255508,2189.705000000000,0.143100000000
1497255508,2189.705000000000,0.034100000000
1497255511,2189.705000000000,0.019100000000
1497255511,2189.705000000000,0.180400000000
1497255511,2189.705000000000,0.180400000000
1497255514,2189.705000000000,0.019100000000
1497255514,2189.705000000000,0.180400000000
1497255514,2189.705000000000,0.010600000000
1497255515,2189.705000000000,0.018000000000
1497255518,2189.705000000000,0.180300000000
1497255520,2189.705000000000,0.180400000000
1497255521,2189.705000000000,0.180200000000
1497255526,2189.705000000000,0.050382540000
1497255526,2189.705000000000,0.378100000000
1497255526,2189.705000000000,0.143000000000
1497255526,2189.705000000000,0.024417460000
1497255526,2189.705000000000,0.026800000000
1497255526,2189.705000000000,0.131500000000
1497255526,2189.705000000000,0.044800000000
1497255526,2189.705000000000,0.019000000000
1497255542,2189.704000000000,0.066500000000
1497255575,2189.700000000000,0.070000000000
1497255581,2153.022000000000,0.001294380000
1497255581,2149.874000000000,0.027705620000
1497255610,2189.384000000000,0.349382640000
1497255610,2189.384000000000,0.039300000000
1497255613,2189.384000000000,1.581900000000
1497255633,2188.021000000000,0.134500000000
1497255642,2188.021000000000,0.082500000000
1497255684,2188.233000000000,0.021965440000
1497255714,2189.269000000000,0.028700000000
1497255735,2149.874000000000,0.006900000000
1497255745,2188.904000000000,0.035600000000
1497255747,2188.904000000000,0.026900000000
1497255777,2189.175000000000,0.366800000000
1497255802,2149.874000000000,0.000200000000
1497255804,2186.549000000000,0.000200000000
1497255835,2184.123000000000,0.347200000000
1497255886,2184.550000000000,0.018900000000
1497255900,2167.660000000000,0.006046080000
1497255926,2177.605000000000,0.011400570000
1497255928,2178.330000000000,0.000100000000
1497255932,2178.330000000000,0.015900000000
1497255936,2178.330000000000,0.020900000000
1497255941,2178.330000000000,0.026600000000
1497255948,2178.330000000000,0.153300000000
1497255948,2178.330000000000,0.019000000000
1497255974,2178.330000000000,0.180800000000
1497255974,2178.330000000000,0.180800000000
1497255974,2178.330000000000,0.045600000000
1497255987,2178.330000000000,0.013300000000
1497256015,2178.329000000000,0.053200000000
1497256056,2178.327000000000,0.101100000000
1497256056,2178.327000000000,0.167500000000
1497256063,2179.502000000000,0.026600000000
1497256066,2179.502000000000,0.180700000000
1497256069,2179.502000000000,0.053200000000
1497256071,2179.502000000000,0.065400000000
1497256071,2179.502000000000,0.148700000000
1497256071,2179.502000000000,0.180700000000
1497256081,2179.502000000000,0.180700000000
1497256084,2179.502000000000,0.226300000000
1497256084,2179.502000000000,0.434300000000
1497256086,2179.502000000000,0.650775210000
1497256086,2179.502000000000,0.101100000000
1497256086,2179.502000000000,0.167500000000
1497256091,2179.502000000000,0.056600000000
1497256091,2179.502000000000,0.021500000000
1497256376,2178.330000000000,0.035000000000
1497256589,2177.583000000000,0.033100000000
1497256595,2177.583000000000,0.100570790000
1497256630,2177.583000000000,0.018100000000
1497256634,2177.583000000000,0.033400000000
1497256691,2154.238000000000,0.011815510000
1497256713,2154.238000000000,0.013300000000
1497256786,2149.874000000000,0.029800000000
1497256799,2154.229000000000,0.039200000000
1497256864,2154.225000000000,0.059200000000
1497256864,2154.226000000000,0.100570790000
1497256864,2154.230000000000,0.006015640000
1497256879,2169.375000000000,0.013700000000
1497256882,2169.375000000000,0.018900000000
1497256885,2169.375000000000,0.007413570000
1497256907,2169.375000000000,0.007000000000
1497256987,2165.966000000000,0.014686430000
1497256997,2165.966000000000,0.017600000000
1497256997,2165.966000000000,0.343613570000
1497257024,2149.874000000000,0.111394380000
1497257036,2165.964000000000,0.039000000000
1497257036,2165.964000000000,0.028800000000
1497257036,2165.964000000000,0.020000000000
1497257036,2165.965000000000,0.100570790000
1497257036,2165.964000000000,0.178400000000
1497257036,2149.874000000000,0.000605620000
1497257036,2165.964000000000,0.023800000000
1497257036,2165.964000000000,0.020100000000
1497257039,2166.468000000000,0.043723590000
1497257112,2165.961000000000,0.049700000000
1497257171,2165.960000000000,0.092000000000
1497257171,2165.960000000000,0.020000000000
1497257171,2165.961000000000,0.035200000000
1497257177,2167.758000000000,0.035200000000
1497257184,2167.758000000000,0.063300000000
1497257269,2166.205000000000,0.012900000000
1497257274,2166.205000000000,1.938347980000
1497257287,2166.205000000000,0.030800000000
1497257288,2166.205000000000,0.181800000000
1497257288,2166.205000000000,0.162900000000
1497257288,2166.205000000000,0.138200000000
1497257291,2166.205000000000,0.021000000000
1497257291,2166.205000000000,0.020200000000
1497257291,2166.205000000000,0.048200000000
1497257291,2166.205000000000,0.215228310000
1497257292,2166.205000000000,0.181800000000
1497257292,2166.205000000000,0.077600000000
1497257292,2166.205000000000,0.181800000000
1497257296,2166.205000000000,0.023100000000
1497257296,2166.205000000000,0.023000000000
1497257296,2166.205000000000,0.033700000000
1497257296,2166.205000000000,0.023100000000
1497257296,2166.205000000000,0.023100000000
1497257296,2166.205000000000,0.181800000000
1497257296,2166.205000000000,0.067100000000
1497257296,2166.205000000000,0.019700000000
1497257299,2166.205000000000,0.023100000000
1497257299,2166.205000000000,0.023100000000
1497257299,2166.205000000000,0.181900000000
1497257299,2166.205000000000,0.023200000000
1497257299,2166.205000000000,0.023100000000
1497257299,2166.205000000000,0.023100000000
1497257299,2166.205000000000,0.023100000000
1497257302,2166.205000000000,0.023100000000
1497257302,2166.205000000000,0.115600000000
1497257302,2166.205000000000,0.023100000000
1497257303,2166.205000000000,0.023100000000
1497257303,2166.205000000000,0.023100000000
1497257303,2166.205000000000,0.027500000000
1497257303,2166.205000000000,0.023100000000
1497257303,2166.205000000000,0.023100000000
1497257303,2166.205000000000,0.023100000000
1497257303,2166.205000000000,0.023100000000
1497257305,2166.205000000000,0.025100000000
1497257305,2166.205000000000,0.011400000000
1497257305,2166.205000000000,0.023100000000
1497257308,2166.205000000000,0.100570790000
1497257322,2166.205000000000,0.098900000000
1497257322,2166.205000000000,0.023100000000
1497257328,2167.471000000000,0.063900000000
1497257331,2167.471000000000,0.035600000000
1497257357,2167.471000000000,0.001000000000
1497257422,2167.190000000000,0.023100000000
1497257429,2167.190000000000,0.004900000000
1497257442,2167.190000000000,0.018200000000
1497257442,2167.190000000000,0.023100000000
1497257479,2167.622000000000,0.023200000000
1497257512,2167.750000000000,0.022100000000
1497257512,2167.751000000000,0.181900000000
1497257512,2167.756000000000,0.020000000000
1497257512,2167.758000000000,0.099000000000
1497257683,2171.873000000000,0.181900000000
1497257685,2171.873000000000,0.022100000000
1497257751,2181.590000000000,0.020000000000
1497257754,2181.590000000000,0.181900000000
1497258027,2199.188000000000,0.009674440000
1497258044,2199.188000000000,0.000325560000
1497258147,2205.107000000000,0.004996550000
1497258172,2205.107000000000,0.000003450000
1497258393,2211.614000000000,0.009307130000
1497258418,2211.614000000000,0.000692870000
1497258496,2181.591000000000,0.023000000000
1497258496,2181.591000000000,0.013000000000
1497258500,2181.591000000000,0.061611400000
1497258514,2180.000000000000,0.010400000000
1497258518,2180.000000000000,0.013000000000
1497258522,2180.000000000000,0.022471550000
1497258580,2177.737000000000,0.019769390000
1497258658,2161.448000000000,0.067900000000
1497258695,2140.000000000000,0.000230610000
1497258753,2161.446000000000,0.120100000000
1497258760,2162.613000000000,0.182200000000
1497258773,2162.613000000000,0.044400000000
1497258830,2163.002000000000,0.016611400000
1497258842,2163.002000000000,0.013500000000
1497258852,2163.002000000000,0.016800000000
1497258852,2164.068000000000,0.001200000000
1497258904,2162.692000000000,0.016800000000
1497258925,2164.068000000000,0.005147380000
1497258955,2164.068000000000,0.011552620000
1497259703,2211.594000000000,0.010740510000
1497259703,2211.594000000000,0.057100000000
1497259745,2211.594000000000,0.067840510000
1497259963,2211.585000000000,0.013000000000
1497260082,2211.581000000000,0.057100000000
1497260090,2211.581000000000,0.000900000000
1497260221,2211.579000000000,0.012100000000
1497260232,2211.579000000000,0.000900000000
1497260374,2211.612000000000,0.012100000000
1497260394,2211.612000000000,0.000900000000
1497260432,2182.260000000000,0.013000000000
1497260460,2183.506000000000,0.021700000000
1497260474,2208.676000000000,0.032000000000
1497260531,2208.674000000000,0.012100000000
1497260531,2208.674000000000,0.032000000000
1497260531,2211.612000000000,0.004973040000
1497260531,2211.614000000000,0.004973030000
1497260531,2208.676000000000,0.004979650000
1497260531,2208.675000000000,0.100570790000
1497260535,2240.168000000000,0.029000000000
1497260535,2266.725000000000,0.015866300000
1497260535,2271.000000000000,0.004851580000
1497260535,2270.000000000000,0.036000000000
1497260535,2269.987000000000,0.141000000000
1497260535,2270.000000000000,0.200000000000
1497260538,2273.280000000000,0.064000000000
1497260538,2279.999000000000,0.044890100000
1497260538,2275.871000000000,0.336640360000
1497260538,2275.867000000000,0.052103810000
1497260538,2281.874000000000,0.111000000000
1497260542,2289.877000000000,0.117233590000
1497260542,2208.673000000000,0.100570790000
1497260542,2281.875000000000,0.102000000000
1497260542,2289.878000000000,0.117233590000
1497260542,2289.879000000000,0.368013370000
1497260546,2183.130000000000,0.012200000000
1497260558,2183.130000000000,0.452361000000
1497260579,2183.130000000000,0.180400000000
1497260594,2206.119000000000,0.058262880000
1497260970,2289.864000000000,0.112919510000
1497260970,2270.000000000000,0.006000000000
1497260970,2289.864000000000,0.050186450000
1497260970,2289.866000000000,0.554994040000
1497261284,2259.552000000000,0.037000000000
1497261644,2289.840000000000,0.272500000000
1497261994,2289.826000000000,0.203501240000
1497262091,2289.820000000000,0.002900960000
1497262209,2256.206000000000,0.009162280000
1497262253,2256.206000000000,0.000248840000
1497262328,2213.237000000000,0.012400000000
1497262328,2213.238000000000,0.012560620000
1497262415,2256.206000000000,0.005430240000
1497262463,2213.243000000000,0.378000000000
1497262872,2213.240000000000,0.143000000000
1497262872,2213.240000000000,0.142999210000
1497262883,2213.240000000000,0.000000790000
1497262883,2213.240000000000,0.146000000000
1497262936,2202.206000000000,0.002855610000
1497262966,2213.234000000000,0.094629440000
1497262966,2213.237000000000,0.192500000000
1497262966,2213.237000000000,0.192300000000
1497262966,2213.237000000000,0.127200000000
1497262966,2213.248000000000,0.033498670000
1497262966,2213.239000000000,0.044871890000
1497263140,2140.004000000000,0.013100450000
1497263152,2140.004000000000,0.013823130000
1497263153,2213.233000000000,0.986176870000
1497263157,2140.004000000000,0.039600000000
1497263166,2140.004000000000,0.261299550000
1497263181,2140.001000000000,0.002278930000
1497263192,2140.001000000000,0.002336960000
1497263199,2140.001000000000,0.025850100000
1497263247,2140.002000000000,0.014613490000
1497263263,2177.986000000000,0.010600510000
1497263307,2140.004000000000,0.047680370000
1497263348,2227.077000000000,0.699925390000
1497263348,2213.225000000000,0.062801750000
1497263348,2213.225000000000,0.027911890000
1497263348,2213.240000000000,0.006015640000
1497263348,2213.248000000000,0.203345330000
1497263357,2188.342000000000,0.000114410000
1497263366,2188.343000000000,0.032863220000
1497263396,2188.343000000000,0.044481140000
1497263403,2188.343000000000,0.013583910000
1497263407,2188.344000000000,0.354000000000
1497263408,2188.343000000000,0.137071730000
1497263408,2123.872000000000,0.035000000000
1497263408,2140.000000000000,0.144230000000
1497263408,2140.000000000000,0.046498360000
1497263408,2188.343000000000,0.072100000000
1497263408,2188.343000000000,0.748300000000
1497263424,2112.518000000000,0.107500000000
1497263428,2112.518000000000,0.008128070000
1497263435,2100.001000000000,0.265000000000
1497263435,2100.001000000000,0.057000000000
1497263435,2100.001000000000,0.027000000000
1497263443,2100.001000000000,0.052400000000
1497263443,2112.518000000000,0.364265520000
1497263448,2100.000000000000,0.047619040000
1497263471,2100.000000000000,0.087200000000
1497263471,2100.000000000000,0.012180960000
1497263760,2222.447000000000,0.020566320000
1497263776,2223.130000000000,0.025133680000
1497263781,2218.053000000000,0.433000000000
1497263854,2218.051000000000,0.037000000000
1497263876,2154.764000000000,0.207000000000
1497264026,2218.043000000000,0.004685940000
1497264026,2218.043000000000,0.014314060000
1497264213,2154.762000000000,0.089272030000
1497264213,2125.000000000000,1.000000000000
1497264213,2154.762000000000,0.044600000000
1497264221,2125.000000000000,0.066127970000
1497264432,2218.019000000000,0.030000000000
1497264476,2218.017000000000,0.100102920000
1497264476,2287.999000000000,19.663072060000
1497264476,2256.206000000000,0.000907660000
1497264476,2246.234000000000,0.010685780000
1497264476,2218.016000000000,0.225231580000
1497264488,2109.980000000000,0.069281380000
1497264626,2162.008000000000,0.020061660000
1497264654,2102.657000000000,0.106580040000
1497264654,2162.008000000000,0.018000000000
1497264732,2146.643000000000,0.006044710000
1497264822,2084.756000000000,1.297100000000
1497264822,2086.471000000000,0.064000000000
1497264822,2100.002000000000,0.028500000000
1497264822,2100.000000000000,0.498295560000
1497264822,2083.051000000000,10.783009080000
1497264822,2100.003000000000,0.189000000000
1497264822,2100.002000000000,0.057095360000
1497264875,2146.643000000000,0.033877380000
1497264875,2185.073000000000,9.966122620000
1497265557,2135.493000000000,0.025673140000
1497265762,2162.869000000000,0.001032330000
1497265987,2152.174000000000,0.004826000000
1497265987,2144.627000000000,0.016096740000
1497266067,2135.077000000000,0.001077260000
1497266204,2135.077000000000,0.002598410000
1497266204,2132.840000000000,0.006046580000
1497266334,2135.077000000000,0.017155010000
1497266341,2135.077000000000,0.025700000000
1497266475,2135.077000000000,0.010000000000
1497266527,2135.077000000000,0.021005670000
1497266535,2135.077000000000,0.302830290000
1497266558,2135.077000000000,0.020999780000
1497266581,2135.077000000000,0.014500000000
1497266582,2173.871000000000,0.054803310000
1497266582,2173.869000000000,0.045196690000
1497266591,2135.077000000000,0.014426700000
1497266591,2135.077000000000,0.025800000000
1497266628,2135.077000000000,0.303367200000
1497266628,2135.077000000000,0.027425940000
1497266642,2135.077000000000,0.303835990000
1497266642,2135.077000000000,0.031257890000
1497266654,2135.077000000000,0.039500000000
1497266666,2135.077000000000,0.008705440000
1497266671,2135.077000000000,0.007736340000
1497266671,2135.077000000000,0.036263660000
1497266704,2081.232000000000,0.031888460000
1497266704,2081.232000000000,0.007411540000
1497266903,2098.971000000000,0.014596820000
1497266903,2098.971000000000,0.000403180000
1497266926,2098.971000000000,0.011919480000
1497266926,2098.971000000000,0.052080520000
1497266990,2079.500000000000,0.015239160000
1497266990,2098.971000000000,0.011400000000
1497267137,2173.473000000000,0.110936750000
1497267137,2173.473000000000,0.059063250000
1497267198,2173.469000000000,0.026341040000
1497267398,2173.464000000000,0.139400000000
1497267398,2186.726000000000,0.138700000000
1497267398,2154.052000000000,0.023000000000
1497267398,2154.053000000000,0.018115790000
1497267398,2173.460000000000,0.040792300000
1497267403,2192.286000000000,6.548209230000
1497267403,2186.726000000000,0.091782680000
1497267403,2186.727000000000,3.000000000000
1497267510,2081.375000000000,0.028000000000
1497267515,2083.522000000000,0.090000000000
1497267772,2084.905000000000,0.081285130000
1497267772,2129.292000000000,0.129948350000
1497267772,2129.292000000000,0.064900000000
1497267772,2129.292000000000,0.023866520000
1497267891,2186.262000000000,0.075038060000
1497267891,2186.262000000000,0.168835630000
1497267891,2186.263000000000,0.168835630000
1497267892,2197.802000000000,3.000000000000
1497267892,2186.267000000000,0.009280810000
1497267892,2197.801000000000,0.137900000000
1497267896,2268.571000000000,0.290000000000
1497267896,2288.000000000000,3.000000000000
1497267896,2289.897000000000,3.297300000000
1497267896,2175.385000000000,1.470000000000
1497267896,2224.306000000000,0.528000000000
1497267900,2289.999000000000,3.682883930000
1497267900,2224.305000000000,0.110860540000
1497267900,2289.898000000000,4.061065400000
1497267937,2175.385000000000,0.025300000000
1497267958,2131.912000000000,0.014255130000
1497268062,2148.510000000000,0.312200000000
1497268079,2148.912000000000,0.000744870000
1497268082,2148.912000000000,0.313000000000
1497268091,2148.912000000000,0.079600000000
1497268383,2129.301000000000,0.085756280000
1497268448,2129.297000000000,0.142500000000
1497268531,2129.297000000000,0.110000000000
1497268693,2146.599000000000,0.113557400000
1497268693,2146.600000000000,0.006015640000
1497268710,2146.921000000000,0.037900000000
1497268717,2146.921000000000,0.134500000000
1497268717,2146.921000000000,0.010200000000
1497268717,2146.921000000000,0.143900000000
1497268722,2146.921000000000,0.044500000000
1497268722,2146.921000000000,0.016400000000
1497268722,2146.921000000000,0.143900000000
1497268727,2146.921000000000,0.143900000000
1497268727,2146.921000000000,0.143900000000
1497268727,2146.921000000000,0.143900000000
1497268727,2146.921000000000,0.105200000000
1497268787,2147.751000000000,0.001426960000
1497268813,2147.749000000000,0.036000000000
1497268820,2147.749000000000,0.011497170000
1497268823,2210.665000000000,0.026514040000
1497268823,2213.546000000000,0.078485960000
1497268849,2147.751000000000,0.052702830000
1497268849,2147.749000000000,0.038700000000
1497268939,2147.773000000000,0.431900000000
1497268986,2147.771000000000,0.022546400000
1497268986,2147.771000000000,0.030453600000
1497269177,2164.028000000000,0.030000000000
1497269266,2164.023000000000,0.041300000000
1497269312,2129.311000000000,3.000000000000
1497269312,2129.310000000000,0.625100000000
1497269312,2129.309000000000,1.374900000000
1497269487,2129.303000000000,0.618800000000
1497269488,2129.302000000000,0.180300000000
1497269488,2125.310000000000,0.006044530000
1497269488,2079.504000000000,4.194855470000
1497269527,2131.183000000000,0.048000000000
1497269553,2079.504000000000,0.153200000000
1497269553,2060.000000000000,0.048543680000
1497269553,2079.500000000000,0.184760840000
1497269553,2079.504000000000,2.442144530000
1497269553,2079.505000000000,0.028900000000
1497269553,2079.507000000000,0.306526350000
1497269553,2079.507000000000,1.439800000000
1497269555,2056.859000000000,0.105984980000
1497269555,2054.574000000000,0.290139620000
1497269607,2054.575000000000,1.439800000000
1497269607,2054.575000000000,0.021700000000
1497269607,2051.928000000000,3.091220000000
1497269845,2129.314000000000,0.100126050000
1497270038,2158.468000000000,0.030507740000
1497270038,2158.469000000000,0.250492260000
1497270045,2158.469000000000,0.001507740000
1497270061,2176.062000000000,0.043900000000
1497270062,2176.062000000000,0.142100000000
1497270066,2176.062000000000,0.141900000000
1497270075,2176.059000000000,0.006240140000
1497270152,2176.060000000000,0.045800000000
1497270301,2129.314000000000,0.027400000000
1497270488,2188.231000000000,0.046990850000
1497270488,2188.240000000000,0.195709150000
1497270490,2188.240000000000,0.242700000000
1497270617,2188.224000000000,0.005435830000
1497270685,2131.207000000000,0.060000000000
1497270780,2185.593000000000,0.022354880000
1497270780,2185.594000000000,2.977645120000
1497270780,2185.594000000000,0.010200000000
1497270780,2185.594000000000,0.012154880000
1497270801,2185.595000000000,0.006015640000
1497270813,2185.595000000000,0.830984360000
1497270881,2202.062000000000,0.014245120000
1497271009,2235.571000000000,1.934900000000
1497271009,2202.979000000000,0.065100000000
1497271163,2201.465000000000,0.061508730000
1497271206,2211.029000000000,0.198100000000
1497271206,2201.462000000000,0.057931910000
1497271206,2235.566000000000,0.743968090000
1497271217,2201.462000000000,0.025747510000
1497271224,2201.461000000000,0.026000000000
1497271344,2235.498000000000,0.018600000000
1497271347,2235.498000000000,0.002777490000
1497271347,2235.498000000000,0.018690260000
1497271386,2135.707000000000,0.018700000000
1497271420,2135.709000000000,0.300000000000
1497271453,2204.525000000000,0.036200000000
1497271483,2208.223000000000,0.008409610000
1497271483,2204.525000000000,0.005230900000
1497271483,2208.223000000000,0.044515690000
1497273284,2171.734000000000,0.015340730000
1497273480,2163.890000000000,0.006042780000
1497273496,2163.889000000000,0.186612150000
1497273496,2163.890000000000,0.000957220000
1497273559,2163.884000000000,0.168877520000
1497273559,2168.320000000000,0.000122480000
1497273600,2163.880000000000,0.070000000000
1497273605,2163.880000000000,0.085369710000
1497273607,2164.192000000000,0.070630290000
1497273837,2160.032000000000,0.140977680000
1497274202,2175.525000000000,0.041500000000
1497274253,2157.235000000000,0.071441080000
1497274627,2173.048000000000,0.020100000000
1497274627,2173.048000000000,0.060407140000
1497274627,2173.048000000000,0.026800000000
1497274635,2174.906000000000,0.047692060000
1497274635,2173.050000000000,0.006015640000
1497274674,2183.696000000000,0.007000000000
1497274692,2183.696000000000,0.007000000000
1497274870,2183.645000000000,0.007000000000
1497274870,2183.775000000000,0.019800000000
1497274961,2183.778000000000,0.007000000000
1497275088,2183.889000000000,0.019800000000
1497275222,2180.592000000000,0.133800000000
1497275230,2180.313000000000,0.046900000000
1497275230,2180.591000000000,0.078125670000
1497275316,2180.597000000000,0.055300000000
1497275316,2180.597000000000,0.065100000000
1497275744,2173.075000000000,0.007719490000
1497276318,2173.076000000000,0.500000000000
1497276667,2200.814000000000,0.029543920000
1497276918,2197.752000000000,0.019000000000
1497277419,2203.678000000000,0.012600000000
1497277431,2204.525000000000,0.046575070000
1497277447,2204.524000000000,0.402227360000
1497277447,2204.523000000000,0.097772640000
1497278425,2182.877000000000,0.017566480000
1497278487,2177.149000000000,0.289000000000
1497278487,2177.000000000000,0.100000000000
1497278807,2175.828000000000,0.063600000000
1497278807,2175.828000000000,0.036600000000
1497278810,2175.828000000000,0.088800000000
1497278810,2175.828000000000,0.032700000000
1497278810,2175.828000000000,0.220000000000
1497278813,2182.660000000000,0.006015640000
1497278852,2186.252000000000,0.048922610000
1497278858,2186.253000000000,0.018500000000
1497278858,2186.253000000000,0.070584360000
1497278858,2186.253000000000,0.067300000000
1497280107,2164.271000000000,0.019363020000
1497280146,2163.317000000000,0.071576360000
1497280312,2165.262000000000,0.013200000000
1497280316,2160.970000000000,0.006046330000
1497280316,2161.602000000000,0.280000000000
1497280318,2156.612000000000,0.023000000000
1497280321,2156.612000000000,0.076300000000
1497280325,2156.612000000000,0.007849160000
1497280325,2156.612000000000,0.131600000000
1497280328,2156.612000000000,0.076200000000
1497280330,2156.612000000000,0.319504510000
1497280377,2155.071000000000,0.096600000000
1497280404,2157.732000000000,0.047700000000
1497280404,2157.732000000000,0.039400000000
1497280406,2157.732000000000,0.383300000000
1497280422,2157.731000000000,0.039444270000
1497280422,2157.731000000000,0.034000880000
1497280474,2155.782000000000,0.019800000000
1497280476,2155.782000000000,0.072500000000
1497280480,2155.782000000000,0.422200000000
1497280530,2155.685000000000,0.071100000000
1497280554,2159.634000000000,0.054600000000
1497280599,2185.942000000000,0.000400000000
1497280631,2162.284000000000,0.107300000000
1497280637,2162.283000000000,0.054800000000
1497280646,2162.282000000000,0.022900000000
1497280671,2158.592000000000,0.078300000000
1497280675,2158.592000000000,0.054800000000
1497280678,2158.592000000000,0.012500000000
1497280680,2158.591000000000,0.197100000000
1497280680,2158.591000000000,0.092800000000
1497280693,2156.133000000000,0.967800000000
1497280693,2156.133000000000,0.090000000000
1497280695,2156.133000000000,0.011700000000
1497280696,2156.133000000000,0.011700000000
1497280700,2156.132000000000,0.019600000000
1497280700,2156.132000000000,0.032083060000
1497280700,2156.132000000000,0.796216940000
1497280703,2156.132000000000,0.108000000000
1497280940,2155.701000000000,0.042631600000
1497280946,2155.700000000000,0.016722170000
1497280957,2155.699000000000,0.017000000000
1497280968,2155.698000000000,0.016722170000
1497280968,2155.698000000000,0.021277830000
1497280971,2155.698000000000,0.016347060000
1497281177,2162.017000000000,0.079258580000
1497281177,2162.018000000000,0.005141420000
1497281541,2156.642000000000,0.149600000000
1497281547,2156.642000000000,0.031500000000
1497281550,2156.642000000000,0.238900000000
1497281644,2162.028000000000,0.012600000000
1497281655,2162.028000000000,0.024700000000
1497281660,2162.028000000000,0.669100000000
1497281672,2162.027000000000,0.010000000000
1497281689,2162.028000000000,0.029000000000
1497281689,2162.028000000000,0.017900000000
1497281689,2162.028000000000,0.000600000000
1497281698,2162.027000000000,0.031500000000
1497281706,2162.027000000000,0.094200000000
1497281711,2162.027000000000,0.021507590000
1497281718,2162.027000000000,0.012800000000
1497281722,2162.027000000000,0.347300000000
1497281733,2162.027000000000,0.024400000000
1497281733,2162.027000000000,0.045300000000
1497281752,2137.591000000000,0.029000000000
1497281758,2150.245000000000,0.366000000000
1497281765,2150.244000000000,0.001390490000
1497281844,2137.580000000000,0.006015640000
1497281888,2150.362000000000,0.054742280000
1497282081,2150.362000000000,0.010000000000
1497282081,2150.362000000000,0.010000000000
1497282278,2150.362000000000,0.010000000000
1497282278,2150.363000000000,0.241671500000
1497282278,2150.361000000000,0.176328500000
1497282454,2150.363000000000,0.038328500000
1497282454,2150.362000000000,0.010000000000
1497282820,2167.613000000000,0.022000000000
1497282863,2167.612000000000,0.010000000000
1497282863,2167.610000000000,0.022434240000
1497282863,2167.611000000000,0.050477040000
1497282873,2167.615000000000,0.010000000000
1497283035,2168.954000000000,0.033809400000
1497283035,2168.953000000000,0.069492650000
1497284500,2151.460000000000,0.006045240000
1497284788,2137.700000000000,0.100000000000
1497284788,2137.708000000000,0.165700000000
1497284791,2137.699000000000,0.080300000000
1497284823,2150.198000000000,0.057280800000
1497284859,2150.200000000000,0.017203560000
1497285024,2150.200000000000,0.014592130000
1497285040,2150.200000000000,0.043776390000
1497285044,2150.200000000000,0.043700000000
1497285131,2150.200000000000,0.058500000000
1497285586,2137.729000000000,0.065400000000
1497285972,2116.119000000000,0.006942940000
1497285972,2116.370000000000,0.006046510000
1497286061,2106.012000000000,0.007592880000
1497286153,2106.010000000000,0.016300000000
1497286157,2106.010000000000,0.018500000000
1497286188,2104.514000000000,0.051100000000
1497286265,2104.515000000000,0.066500000000
1497286359,2104.514000000000,0.256000000000
1497286359,2104.514000000000,0.248800000000
1497286613,2100.000000000000,0.003300000000
1497286613,2096.604000000000,0.286000000000
1497287059,2025.105000000000,0.123000000000
1497287068,2025.105000000000,0.123000000000
1497287901,2085.981000000000,0.150508060000
1497288412,2047.395000000000,0.025945600000
1497288448,2010.000000000000,0.334518760000
1497288448,2031.951000000000,0.001000000000
1497288448,2025.120000000000,0.470319200000
1497288448,2025.120000000000,0.235100000000
1497288448,2020.000000000000,0.049504950000
1497288448,2011.001000000000,0.003936230000
1497288587,2044.664000000000,0.003246240000
1497288797,2010.001000000000,0.004000000000
1497289019,2010.000000000000,0.635181240000
1497289042,2007.000000000000,0.004863540000
1497289063,2005.000000000000,1.000000000000
1497289100,2001.000000000000,0.639465780000
1497289100,2000.000000000000,0.245000000000
1497289100,2000.000000000000,2.115534220000
1497289106,2000.000000000000,0.884465780000
1497289113,2006.996000000000,0.132900000000
1497289119,2006.996000000000,0.132700000000
1497289149,1980.001000000000,0.044900000000
1497289149,1980.001000000000,0.036300000000
1497289159,1980.001000000000,0.081200000000
1497289174,1980.000000000000,0.039500000000
1497289187,1980.000000000000,0.000904040000
1497289225,1960.000000000000,0.025000000000
1497289234,1960.000000000000,0.025000000000
1497289392,1960.001000000000,0.077700000000
1497289392,1960.001000000000,0.155558070000
1497289407,1960.001000000000,0.137741930000
1497289411,1960.001000000000,0.371000000000
1497289417,1960.001000000000,0.371000000000
1497289463,1999.218000000000,0.022523850000
1497289516,1999.215000000000,0.059300000000
1497289531,2006.986000000000,0.022500000000
1497289531,1999.215000000000,0.015600000000
1497289531,1999.215000000000,0.075900000000
1497289531,1999.218000000000,0.012776150000
1497289551,1999.214000000000,0.036176860000
1497289556,2006.979000000000,0.012776150000
1497289563,1999.214000000000,0.079901520000
1497289563,2006.985000000000,0.079901520000
1497289564,2006.986000000000,0.037200000000
1497289564,2016.775000000000,0.036329930000
1497289564,2115.034000000000,0.350667030000
1497289624,1999.174000000000,0.038000000000
1497289624,1999.174000000000,0.037000000000
1497289970,2007.530000000000,1.689271620000
1497289970,2007.530000000000,0.049728380000
1497290013,1960.015000000000,0.012300000000
1497290016,1960.015000000000,0.044900000000
1497290016,1960.015000000000,0.050708430000
1497290016,1960.015000000000,0.087100000000
1497290021,1960.015000000000,0.072600000000
1497290033,1960.015000000000,0.016700000000
1497290033,1960.015000000000,0.087200000000
1497290033,1960.015000000000,0.040000000000
1497290037,1960.015000000000,0.036800000000
1497290041,1960.015000000000,0.012600000000
1497290041,1960.015000000000,0.337846340000
1497290045,1960.015000000000,0.029500000000
1497290045,1960.015000000000,0.059700000000
1497290048,1960.015000000000,0.066900000000
1497290048,1960.015000000000,0.069800000000
1497290048,1960.015000000000,0.071845230000
1497290048,1960.015000000000,0.003554770000
1497290056,1960.014000000000,0.065200000000
1497290071,1960.014000000000,0.026900000000
1497290079,1960.014000000000,0.087200000000
1497290079,1960.014000000000,0.087100000000
1497290084,1960.014000000000,0.012600000000
1497290084,1960.014000000000,0.075900000000
1497290084,1960.015000000000,0.038500000000
1497290084,1960.015000000000,0.027000000000
1497290088,1960.014000000000,0.011900000000
1497290088,1960.014000000000,0.087200000000
1497290100,1960.014000000000,0.066900000000
1497290100,1960.014000000000,0.039000000000
1497290102,1960.014000000000,0.027000000000
1497290102,1960.014000000000,0.012300000000
1497290102,1960.014000000000,0.012300000000
1497290102,1960.014000000000,0.087200000000
1497290106,1960.014000000000,0.087200000000
1497290110,2000.563000000000,0.087200000000
1497290136,1960.014000000000,0.010400000000
1497290151,1960.015000000000,0.012600000000
1497290154,1960.015000000000,0.075900000000
1497290183,2000.562000000000,0.010400000000
1497290227,2000.000000000000,0.994600000000
1497290426,1990.314000000000,0.130200000000
1497290443,2007.519000000000,0.754000000000
1497290672,2012.365000000000,0.016700000000
1497290815,2012.714000000000,0.009894250000
1497290855,2012.712000000000,0.070057050000
1497290855,2012.712000000000,0.070057050000
1497290862,2013.699000000000,0.019885900000
1497290913,1960.543000000000,0.012300000000
1497290913,1960.543000000000,0.066800000000
1497290916,1960.544000000000,0.026900000000
1497290924,1960.544000000000,0.086900000000
1497290940,1960.545000000000,0.089700000000
1497290943,1960.545000000000,0.037100000000
1497291038,2044.361000000000,0.023958130000
1497291038,2049.984000000000,1.965466570000
1497291038,2044.362000000000,0.010575300000
1497291074,2032.133000000000,0.011000000000
1497291242,2032.132000000000,3.000000000000
1497291458,2062.555000000000,0.070000000000
1497292491,2048.654000000000,1.802911610000
1497292491,2046.026000000000,0.044467320000
1497292491,2046.025000000000,0.100051470000
1497292562,2045.977000000000,0.042000000000
1497292562,2045.977000000000,0.032500000000
1497292566,2045.979000000000,0.088700000000
1497292566,2045.979000000000,0.047079920000
1497292566,2045.977000000000,0.041720080000
1497292579,2045.817000000000,0.026849210000
1497292599,2045.817000000000,0.109039210000
1497292701,2035.000000000000,0.116273320000
1497292738,2045.815000000000,0.066495100000
1497292738,2045.816000000000,0.010853120000
1497292911,2035.001000000000,0.439325470000
1497293017,2068.869000000000,0.034913290000
1497293017,2068.870000000000,0.455086710000
1497293157,2068.868000000000,1.000000000000
1497293218,2075.975000000000,0.137491260000
1497293218,2075.976000000000,3.560899690000
1497293352,2021.973000000000,0.035064900000
1497293479,2035.051000000000,0.000440000000
1497293621,2075.989000000000,0.131689330000
1497293621,2065.026000000000,0.068310670000
1497293963,2057.021000000000,0.160534550000
1497294138,2051.075000000000,0.007006460000
1497294151,2052.047000000000,0.146000000000
1497294179,2051.072000000000,0.040803650000
1497294182,2051.075000000000,0.105159960000
1497294309,2044.823000000000,0.048780000000
1497294572,2021.893000000000,0.016954950000
1497294744,2025.087000000000,0.016900000000
1497294880,1989.635000000000,0.208900000000
1497294968,1990.224000000000,0.117382500000
1497294975,1990.224000000000,0.117015240000
1497295124,2053.581000000000,0.002300000000
1497295124,2036.766000000000,0.007700000000
1497295212,2053.580000000000,0.128224080000
1497295212,2053.577000000000,0.023075920000
1497295512,2011.031000000000,0.036232770000
1497295868,2011.031000000000,0.000767230000
1497295868,1990.229000000000,0.043064870000
1497296501,2040.499000000000,0.006745380000
1497296501,2040.498000000000,0.043254620000
1497298024,1996.693000000000,0.008477160000
1497298717,2048.420000000000,0.070302540000
1497298717,2048.421000000000,0.087733740000
1497298717,2048.423000000000,3.000000000000
1497298717,2057.413000000000,0.018918230000
1497298717,2057.730000000000,0.081900000000
1497298722,2086.000000000000,0.272300000000
1497298726,2086.000000000000,0.037300000000
1497298729,2086.000000000000,0.100805360000
1497298736,2086.000000000000,0.104160650000
1497298736,2086.000000000000,0.004161050000
1497298760,2086.000000000000,3.000000000000
1497298828,2061.387000000000,4.000000000000
1497298957,2061.375000000000,0.132200000000
1497298961,2061.375000000000,0.033827710000
1497298973,2071.627000000000,0.096672290000
1497298976,2071.577000000000,0.102200000000
1497298983,2071.577000000000,0.076746410000
1497299060,2071.709000000000,0.108500000000
1497299278,2071.504000000000,0.047159800000
1497299278,2071.504000000000,0.000840200000
1497299293,2038.334000000000,0.017200000000
1497299300,2038.334000000000,0.086500000000
1497299319,2071.501000000000,0.118711080000
1497299665,2072.000000000000,1.460000000000
1497299728,2060.570000000000,0.058000000000
1497299730,2060.570000000000,0.058000000000
1497299734,2060.570000000000,0.013147060000
1497299734,2060.570000000000,0.147960780000
1497299799,2074.944000000000,0.044000000000
1497299942,2072.244000000000,0.039075150000
1497300176,2038.349000000000,0.229600000000
1497300449,2033.286000000000,0.009941050000
1497300449,2038.344000000000,0.001000000000
1497300449,2033.286000000000,0.020058950000
1497300465,2040.223000000000,0.025000000000
1497300465,2040.223000000000,0.025000000000
1497300550,2038.353000000000,0.010417050000
1497300866,2069.879000000000,0.050000000000
1497301798,2080.149000000000,0.065159920000
1497301891,2089.296000000000,0.025812310000
1497301891,2089.295000000000,0.058077700000
1497301953,2039.019000000000,0.012900000000
1497301965,2089.293000000000,0.095720000000
1497301966,2089.293000000000,0.106000000000
1497301966,2089.293000000000,0.106000000000
1497301966,2089.293000000000,0.036184550000
1497301966,2089.293000000000,0.010380000000
1497301966,2089.293000000000,0.055100000000
1497301966,2089.293000000000,0.055100000000
1497302161,2089.277000000000,0.082752250000
1497302217,2089.274000000000,0.025400000000
1497302217,2089.271000000000,0.081732840000
1497302219,2089.275000000000,0.037100000000
1497302424,2089.274000000000,0.199977540000
1497302424,2089.275000000000,0.162829020000
1497302424,2089.271000000000,0.074433230000
1497302562,2087.150000000000,0.027500000000
1497302564,2087.150000000000,0.072200000000
1497302565,2087.150000000000,0.047500000000
1497302586,2089.303000000000,0.001000000000
1497302586,2087.150000000000,0.004519850000
1497302586,2089.423000000000,0.004514940000
1497302593,2099.916000000000,0.011000000000
1497302641,2094.796000000000,0.011000000000
1497302641,2097.297000000000,0.095122050000
1497302641,2094.796000000000,0.026877950000
1497302662,2099.916000000000,0.004492370000
1497302662,2097.296000000000,0.026877950000
1497302662,2100.000000000000,0.150182140000
1497302662,2099.998000000000,0.580000000000
1497302662,2099.997000000000,0.199977540000
1497302675,2099.996000000000,0.019015600000
1497302675,2097.376000000000,0.086654510000
1497302675,2100.000000000000,0.334329890000
1497302698,2100.000000000000,0.085487970000
1497302845,2087.150000000000,0.018102000000
1497302864,2040.068000000000,0.019000000000
1497303031,2101.436000000000,0.238602430000
1497303031,2101.437000000000,0.019000000000
1497303031,2101.457000000000,0.199977540000
1497303031,2101.458000000000,0.004489080000
1497303031,2087.150000000000,0.144865000000
1497303033,2112.455000000000,6.881465950000
1497303054,2087.149000000000,0.046000000000
1497303085,2073.818000000000,0.047501210000
1497303647,2040.109000000000,0.229400000000
1497303682,2087.149000000000,0.199977540000
1497303685,2087.149000000000,0.519085180000
1497303724,2087.150000000000,0.045303990000
1497303732,2087.150000000000,0.114400000000
1497303746,2040.117000000000,0.036300000000
1497304748,2068.213000000000,0.023523180000
1497304835,2087.150000000000,0.000476820000
1497305187,2087.150000000000,0.004043030000
1497305187,2097.233000000000,0.085756970000
1497306305,2070.885000000000,0.032400000000
1497306453,2025.670000000000,0.230000000000
1497306453,2057.021000000000,0.001000000000
1497307001,2025.690000000000,0.101398500000
1497307080,2025.697000000000,0.011900000000
1497307142,2025.697000000000,0.007997580000
1497308630,2052.600000000000,0.074992420000
1497308704,2052.597000000000,0.050953340000
1497308766,2055.436000000000,0.046771550000
1497308794,2055.438000000000,0.046195380000
1497309128,2108.420000000000,0.643642490000
1497309128,2081.096000000000,0.024337570000
1497309128,2081.086000000000,0.044414560000
1497309128,2081.095000000000,0.199977540000
1497309132,2100.000000000000,0.027500000000
1497309132,2100.000000000000,0.025900000000
1497309132,2100.000000000000,0.222800000000
1497309133,2100.000000000000,0.035100000000
1497309133,2100.000000000000,0.186995560000
1497309160,2085.489000000000,0.043320240000
1497309160,2085.490000000000,0.035804440000
1497309160,2085.520000000000,0.097470550000
1497309160,2085.521000000000,0.199977540000
1497309161,2100.000000000000,0.004492200000
1497309162,2108.418000000000,0.531307190000
1497309212,2072.187000000000,0.095575820000
1497309213,2072.187000000000,0.016825400000
1497309266,2072.181000000000,0.040482370000
1497309818,2047.525000000000,0.003250000000
1497310045,2076.500000000000,0.003779680000
1497310045,2096.089000000000,0.030431950000
1497310054,2047.604000000000,0.010100000000
1497310078,2093.634000000000,0.030057070000
1497310079,2093.634000000000,0.010266060000
1497310664,2095.549000000000,0.119900000000
1497310664,2095.547000000000,0.087402630000
1497310664,2095.548000000000,0.219945010000
1497310664,2095.549000000000,0.612500000000
1497310664,2095.549000000000,0.106200000000
1497310676,2064.356000000000,0.034700000000
1497310883,2064.356000000000,0.190797980000
1497311277,2064.356000000000,0.090000000000
1497311357,2064.356000000000,0.001458540000
1497311360,2064.356000000000,0.095541460000
1497311421,2036.525000000000,0.001458540000
1497311719,2037.991000000000,0.152930440000
1497311803,2037.996000000000,0.204383150000
1497311818,2037.999000000000,0.204639240000
1497311846,2037.999000000000,0.540713760000
1497311849,2037.999000000000,0.011000000000
1497311863,2038.001000000000,0.542537010000
1497311871,2038.002000000000,0.489600000000
1497311872,2038.002000000000,0.110700000000
1497311876,2038.002000000000,1.000000000000
1497311891,2038.003000000000,0.701831280000
1497311894,2038.003000000000,0.015900000000
1497311899,2038.003000000000,0.035100000000
1497311904,2038.003000000000,0.030600000000
1497311904,2038.003000000000,0.229600000000
1497311914,2038.005000000000,0.010000000000
1497311923,2038.005000000000,0.110700000000
1497311928,2038.006000000000,0.034800000000
1497311935,2038.007000000000,0.646928700000
1497311937,2038.007000000000,0.034700000000
1497311948,2038.007000000000,0.034500000000
1497311950,2038.007000000000,0.110700000000
1497311956,2038.007000000000,0.652124960000
1497311974,2038.007000000000,0.031300000000
1497311988,2038.007000000000,0.034300000000
1497311989,2038.007000000000,0.655546170000
1497311991,2038.007000000000,0.004628840000
1497311992,2038.007000000000,0.034100000000
1497311992,2038.007000000000,0.031200000000
1497312014,2038.007000000000,0.004628840000
1497312014,2038.007000000000,0.049000000000
1497312014,2038.007000000000,0.079100000000
1497312014,2038.007000000000,0.087600000000
1497312014,2038.007000000000,0.110700000000
1497312014,2038.007000000000,0.026000000000
1497312031,2038.008000000000,0.033900000000
1497312036,2038.008000000000,0.033700000000
1497312039,2038.008000000000,0.020900000000
1497312039,2038.008000000000,0.160300000000
1497312041,2038.008000000000,0.085500000000
1497312041,2038.008000000000,0.063600000000
1497312043,2038.008000000000,0.087600000000
1497312043,2038.008000000000,0.033500000000
1497312043,2038.008000000000,0.079100000000
1497312045,2038.008000000000,0.026000000000
1497312046,2038.008000000000,0.049000000000
1497312047,2038.008000000000,0.027835490000
1497312055,2008.926000000000,0.033500000000
1497312080,2038.005000000000,0.082864510000
1497312080,2038.006000000000,0.110700000000
1497312080,2038.007000000000,0.199977540000
1497312082,2038.007000000000,0.012500000000
1497312184,2038.007000000000,0.246700000000
1497312201,2012.716000000000,0.013300000000
1497312206,2038.008000000000,0.176490000000
1497312755,2062.314000000000,0.010400000000
1497313578,2037.577000000000,0.019626120000
1497313578,2037.577000000000,0.090973880000
1497314197,2062.927000000000,0.001893340000
1497314202,2091.000000000000,0.148106660000
1497314213,2012.750000000000,0.016200000000
1497314355,2014.633000000000,0.017000000000
1497314357,2014.633000000000,0.019000000000
1497316785,2000.023000000000,0.013670260000
1497317801,2000.012000000000,0.619900000000
1497317808,2000.012000000000,0.010500000000
1497317808,2000.012000000000,0.080800000000
1497317825,2000.011000000000,0.249100000000
1497317825,2000.011000000000,0.032400000000
1497317827,2000.011000000000,0.079600000000
1497317827,2000.011000000000,0.112700000000
1497317827,2000.011000000000,0.234000000000
1497317833,2000.011000000000,0.112800000000
1497317846,2000.010000000000,0.032500000000
1497317848,2000.010000000000,0.467500000000
1497317848,1996.693000000000,0.004792230000
1497317848,2000.000000000000,0.010000000000
1497317863,1985.001000000000,0.032300000000
1497317923,1985.001000000000,0.032707770000
1497320475,1985.012000000000,0.235800000000
1497320680,1985.013000000000,0.050375280000
1497320884,1985.015000000000,0.017900000000
1497321088,1993.302000000000,0.112800000000
1497321349,2028.246000000000,0.006614860000
1497321622,2038.476000000000,0.006638660000
1497323905,1991.402000000000,0.465867240000
1497323905,2014.514000000000,0.009078810000
1497323909,1985.004000000000,0.171784460000
1497323909,1990.032000000000,0.083000000000
1497323909,1991.401000000000,0.053200000000
1497323909,2014.514000000000,0.166171310000
1497325433,1995.260000000000,0.017164000000
1497326280,2042.100000000000,0.015206970000
1497326280,2090.964000000000,0.001093030000
1497326322,2090.960000000000,0.000770000000
1497326495,2043.592000000000,0.005100000000
1497326573,2043.592000000000,0.001626350000
1497326573,2043.592000000000,0.002989840000
1497326578,2043.592000000000,0.004616190000
1497327666,2043.592000000000,0.001928640000
1497329850,2068.662000000000,0.011413000000
1497329850,2108.447000000000,0.001000000000
1497329850,2096.089000000000,0.004500580000
1497329850,2096.075000000000,0.086015050000
1497329850,2091.000000000000,0.004511530000
1497329851,2115.963000000000,0.203400000000
1497329851,2115.962000000000,0.193533860000
1497329851,2115.964000000000,1.495625980000
1497332660,2115.890000000000,0.006015640000
1497333094,2094.906000000000,0.001984810000
1497333304,2094.900000000000,0.001000000000
1497333304,2094.900000000000,0.146907380000
1497333313,2094.900000000000,0.027000000000
1497333317,2094.900000000000,0.146499860000
1497333351,2062.572000000000,0.000500140000
1497333674,2089.973000000000,0.013141960000
1497333892,2117.785000000000,0.010897170000
1497333925,2122.720000000000,0.000102830000
1497333970,2122.720000000000,0.005912810000
1497336457,2147.786000000000,0.011552000000
1497336492,2150.099000000000,0.000448000000
1497336555,2150.099000000000,0.037847800000
1497336555,2150.101000000000,0.162352200000
1497336557,2150.101000000000,0.023647800000
1497336557,2150.200000000000,0.168227920000
1497336576,2150.200000000000,0.000924280000
1497338221,2125.289000000000,0.009260660000
1497340374,2125.289000000000,0.026000000000
1497340689,2125.289000000000,0.085739340000
1497340729,2151.576000000000,0.000260660000
1497340747,2125.292000000000,0.030500000000
1497341139,2102.159000000000,0.205000000000
1497341149,2102.159000000000,0.035900000000
1497341258,2102.090000000000,0.018100000000
1497341501,2131.004000000000,0.014011770000
1497341501,2169.369000000000,0.030988230000
1497342825,2169.202000000000,0.027316350000
1497342825,2169.203000000000,0.047383650000
1497342861,2169.201000000000,0.008739140000
1497342861,2169.202000000000,0.065960860000
1497343195,2140.561000000000,0.027200000000
1497343203,2140.561000000000,0.027800000000
1497343338,2169.229000000000,0.001000000000
1497343338,2191.179000000000,0.017495610000
1497343338,2191.183000000000,1.981504390000
1497343417,2191.176000000000,0.159629000000
1497343417,2196.486000000000,0.840371000000
1497343895,2196.460000000000,0.545000000000
1497344031,2165.000000000000,0.002779240000
1497344523,2184.307000000000,0.136663690000
1497344523,2184.307000000000,0.307493320000
1497344523,2184.308000000000,0.406224010000
1497344960,2182.043000000000,0.061108340000
1497344960,2182.044000000000,0.129491660000
1497345010,2182.040000000000,0.087896970000
1497345010,2182.042000000000,0.039065320000
1497345010,2182.043000000000,1.873037710000
1497345105,2189.554000000000,0.078400000000
1497345105,2182.035000000000,0.099258200000
1497345105,2199.998000000000,0.044114750000
1497345105,2199.999000000000,1.778227050000
1497345179,2189.549000000000,0.132375920000
1497345179,2189.548000000000,0.294767950000
1497345179,2189.813000000000,0.126000000000
1497345187,2199.999000000000,1.628666130000
1497345426,2160.001000000000,0.206000000000
1497346250,2190.329000000000,0.039451530000
1497346592,2175.500000000000,0.330958400000
1497346678,2175.490000000000,0.121305950000
1497346678,2175.491000000000,0.272938380000
1497346678,2175.500000000000,0.175755670000
1497346965,2174.890000000000,0.024400000000
1497346973,2174.890000000000,0.024633660000
1497346997,2174.890000000000,0.024400000000
1497347033,2175.500000000000,0.912500000000
1497347205,2174.890000000000,0.754194400000
1497347437,2160.000000000000,0.046296290000
1497347437,2158.500000000000,0.003003710000
1497347487,2158.500000000000,0.001996290000
1497347487,2158.382000000000,0.021903710000
1497347487,2158.382000000000,0.074100000000
1497347614,2162.132000000000,0.129222000000
1497347614,2162.132000000000,0.070778000000
1497347700,2162.127000000000,0.000227500000
1497347749,2158.382000000000,0.068996290000
1497347749,2158.382000000000,0.001000000000
1497347749,2158.382000000000,0.001000000000
1497347773,2158.380000000000,0.120717770000
1497347849,2160.332000000000,0.085082230000
1497347877,2160.302000000000,0.141589020000
1497347877,2200.000000000000,2.000000000000
1497347877,2188.861000000000,0.024273060000
1497347877,2175.500000000000,1.580785930000
1497347877,2160.345000000000,0.206500000000
1497347877,2160.302000000000,0.318575310000
1497347880,2206.138000000000,0.060467930000
1497348123,2150.759000000000,0.206400000000
1497348483,2158.926000000000,0.044183730000
1497348483,2158.926000000000,0.099413400000
1497348959,2164.386000000000,0.162116100000
1497348959,2164.386000000000,0.072051600000
1497348959,2164.387000000000,0.086600000000
1497348959,2193.081000000000,0.010607050000
1497348959,2205.997000000000,1.247000000000
1497348959,2206.000000000000,0.005220000000
1497348960,2212.342000000000,0.166000000000
1497348960,2227.000000000000,0.003000000000
1497348960,2231.578000000000,0.288000000000
1497348960,2235.500000000000,0.100000000000
1497348960,2279.999000000000,0.646462950000
1497349225,2167.667000000000,0.245396750000
1497349227,2167.668000000000,1.000000000000
1497349460,2170.402000000000,0.011625560000
1497349561,2173.818000000000,0.700000000000
1497349838,2165.486000000000,0.205200000000
1497349844,2155.000000000000,1.000000000000
1497350144,2150.000000000000,0.004758130000
1497350144,2150.000000000000,0.005572090000
1497350157,2119.659000000000,0.012669780000
1497350311,2154.999000000000,0.206200000000
1497351448,2118.501000000000,0.031700000000
1497351631,2143.333000000000,0.185000000000
1497351837,2136.387000000000,2.000000000000
1497352007,2121.874000000000,0.011517350000
1497352176,2121.872000000000,0.001100000000
1497352359,2118.500000000000,0.100000000000
1497352359,2120.000000000000,0.472000000000
1497352359,2120.000000000000,1.410370000000
1497352406,2110.220000000000,0.236942110000
1497352663,2110.000000000000,0.032000000000
1497352835,2110.000000000000,0.001531630000
1497352835,2110.000000000000,0.001531630000
1497353473,2103.000000000000,0.060000000000
1497353989,2114.909000000000,0.210200000000
1497354088,2118.867000000000,0.004596340000
1497354241,2118.851000000000,0.046367380000
1497354410,2121.871000000000,0.070700000000
1497354487,2121.863000000000,0.032191780000
1497354487,2121.863000000000,0.014700000000
1497354494,2121.874000000000,0.079136300000
1497354509,2121.873000000000,0.100508860000
1497354509,2121.874000000000,0.106991140000
1497354515,2121.874000000000,0.014355210000
1497354516,2130.568000000000,0.015600000000
1497354516,2130.568000000000,0.019243590000
1497354526,2134.490000000000,0.054921040000
1497354526,2134.490000000000,0.000944790000
1497354526,2134.489000000000,0.034843590000
1497354528,2134.489000000000,0.015500000000
1497354528,2134.489000000000,0.208100000000
1497354547,2134.371000000000,0.143757300000
1497354547,2134.371000000000,0.064442700000
1497354559,2134.195000000000,0.046765190000
1497354589,2134.168000000000,0.046196270000
1497354612,2134.165000000000,0.044519330000
1497354612,2134.166000000000,0.021591580000
1497354612,2135.923000000000,0.121489090000
1497354754,2131.532000000000,0.022545400000
1497354770,2131.530000000000,0.043304430000
1497354947,2109.992000000000,0.060642330000
1497354947,2110.758000000000,0.012717180000
1497354947,2121.863000000000,0.004582140000
1497354953,2132.168000000000,0.064000000000
1497354953,2132.168000000000,0.012900000000
1497354954,2132.168000000000,0.064000000000
1497354956,2132.168000000000,0.002161370000
1497354970,2136.771000000000,0.053987810000
1497354970,2136.772000000000,0.010850820000
1497354979,2136.770000000000,0.044000000000
1497355034,2137.916000000000,0.052729550000
1497355034,2136.763000000000,0.118641500000
1497355055,2137.891000000000,0.052729550000
1497355055,2137.890000000000,0.113891540000
1497355055,2138.036000000000,0.031778910000
1497355073,2138.035000000000,0.113891540000
1497355078,2146.999000000000,0.036528950000
1497355078,2146.999000000000,0.005108460000
1497355117,2136.531000000000,0.074500000000
1497355125,2135.964000000000,0.017112190000
1497355125,2135.963000000000,0.066287810000
1497355218,2135.953000000000,0.192676300000
1497356352,2142.112000000000,0.010000000000
1497356505,2137.576000000000,0.096900000000
1497356505,2137.576000000000,0.012900000000
1497356509,2137.576000000000,0.015000000000
1497356512,2137.576000000000,0.011000000000
1497356561,2137.568000000000,0.011300000000
1497356807,2137.543000000000,0.140395160000
1497356807,2137.541000000000,0.068321890000
1497356880,2137.546000000000,0.070454380000
1497356885,2137.547000000000,0.015000000000
1497356926,2137.547000000000,2.851000000000
1497356926,2137.545000000000,0.068979300000
1497357292,2147.000000000000,3.000000000000
1497357294,2147.000000000000,2.000000000000
1497357523,2158.949000000000,0.014029790000
1497358293,2159.000000000000,0.211200000000
1497358323,2159.000000000000,0.043800000000
1497358476,2159.000000000000,0.562100000000
1497358641,2159.000000000000,0.083087310000
1497358647,2159.000000000000,0.099812690000
1497358758,2150.000000000000,0.024600000000
1497358759,2150.000000000000,0.024636080000
1497358797,2150.000000000000,0.001998290000
1497358797,2150.000000000000,0.024600000000
1497358800,2150.000000000000,0.064598600000
1497358839,2155.000000000000,0.600000000000
1497358951,2150.000000000000,0.110600000000
1497359100,2150.000000000000,0.175000000000
1497359195,2150.000000000000,0.020400000000
1497359256,2150.000000000000,0.481600000000
1497360944,2154.200000000000,0.020582080000
1497360944,2150.000000000000,0.006950130000
1497360957,2150.000000000000,0.002467790000
1497361153,2157.000000000000,0.962296590000
1497361153,2156.999000000000,0.037703410000
1497363496,2156.999000000000,0.008603850000
1497365614,2150.000000000000,0.001991440000
1497365614,2140.000000000000,9.200000000000
1497365902,2103.013000000000,0.530854990000
1497365902,2121.301000000000,0.009145010000
1497367905,2107.035000000000,0.037212850000
1497369708,2156.993000000000,0.024048660000
1497369708,2138.609000000000,0.001534690000
1497370153,2156.985000000000,0.051735550000
1497370199,2156.987000000000,0.018900000000
1497370357,2156.904000000000,0.017095010000
1497370357,2156.987000000000,0.012900000000
1497370357,2156.987000000000,0.085504990000
1497370357,2156.987000000000,0.000400000000
1497370706,2156.904000000000,0.098400000000
1497370706,2156.904000000000,0.085026340000
1497370803,2140.000000000000,0.012900000000
1497370803,2140.000000000000,0.098973660000
1497371187,2138.875000000000,0.087900000000
1497371190,2138.875000000000,0.009100000000
1497371244,2156.981000000000,0.010000000000
1497371244,2156.981000000000,0.019200000000
1497371974,2157.000000000000,0.010000000000
1497371974,2156.999000000000,0.030000000000
1497371995,2140.000000000000,0.036200000000
1497371995,2140.000000000000,0.036200000000
1497371996,2140.000000000000,0.036200000000
1497371996,2140.000000000000,0.036200000000
1497371996,2140.000000000000,0.036200000000
1497371996,2140.000000000000,0.025800000000
1497371998,2140.000000000000,0.036200000000
1497372129,2140.000000000000,0.036200000000
1497373953,2156.999000000000,0.030000000000
1497373953,2157.000000000000,0.080746430000
1497376129,2156.990000000000,0.394994870000
1497376561,2145.001000000000,0.013300000000
1497376562,2145.001000000000,0.103300000000
1497376914,2145.001000000000,0.018800000000
1497376969,2145.001000000000,0.018800000000
1497376973,2145.001000000000,0.036100000000
1497377000,2145.001000000000,0.018800000000
1497377004,2145.001000000000,0.095598550000
1497377063,2127.794000000000,0.000601450000
1497377652,2145.199000000000,0.027070380000
1497377652,2145.110000000000,0.077929620000
1497377655,2145.110000000000,0.017960840000
1497377655,2145.110000000000,0.008380640000
1497377886,2145.205000000000,0.027000000000
1497377886,2145.205000000000,0.007088630000
1497379182,2130.000000000000,0.013400000000
1497379182,2130.000000000000,0.103900000000
1497379293,2130.000000000000,0.307200000000
1497379297,2130.000000000000,0.021098020000
1497379299,2130.000000000000,0.040000000000
1497379299,2130.000000000000,0.021000000000
1497379469,2130.000000000000,0.033200000000
1497379488,2130.000000000000,0.019000000000
1497379550,2130.000000000000,0.019000000000
1497379556,2130.000000000000,0.422201980000
1497379556,2105.001000000000,4.472000000000
1497379556,2105.000000000000,0.862268020000
1497379709,2144.082000000000,0.464900000000
1497381011,2121.889000000000,0.037000000000
1497381469,2120.066000000000,0.021000000000
1497381775,2153.053000000000,3.838377000000
1497381775,2153.052000000000,0.125500000000
1497381775,2140.949000000000,0.019211370000
1497381775,2139.421000000000,0.016911630000
1497382257,2152.992000000000,0.019211370000
1497382257,2152.992000000000,0.118520610000
1497382337,2132.148000000000,0.020000000000
1497382360,2152.978000000000,0.088000000000
1497382651,2152.943000000000,0.050000000000
1497385411,2137.767000000000,0.009793210000
1497385413,2130.000000000000,0.123500000000
1497385420,2130.000000000000,0.028800000000
1497385423,2130.000000000000,0.113200000000
1497385458,2137.764000000000,0.141911200000
1497385461,2130.000000000000,0.030600000000
1497385480,2130.000000000000,0.113300000000
1497385499,2130.000000000000,0.041200000000
1497385503,2130.000000000000,0.049400000000
1497385545,2120.000000000000,0.028100000000
1497385558,2120.000000000000,0.000600000000
1497385562,2120.000000000000,0.091000000000
1497385883,2120.000000000000,0.010600000000
1497385915,2120.000000000000,0.369700000000
1497386301,2119.990000000000,0.227725970000
1497386348,2103.460000000000,0.006635650000
1497386348,2103.000000000000,0.012564350000
1497386679,2103.000000000000,0.045800000000
1497386702,2103.000000000000,0.025900000000
1497386800,2103.000000000000,0.017921630000
1497386802,2103.000000000000,0.017900000000
1497386939,2103.000000000000,0.007172170000
1497387392,2103.008000000000,0.099700000000
1497387500,2103.015000000000,0.012500000000
1497387500,2103.015000000000,0.106400000000
1497388342,2103.016000000000,0.120280000000
1497388342,2103.019000000000,0.088600000000
1497388948,2116.370000000000,0.020000000000
1497388948,2116.369000000000,0.019200000000
1497388967,2117.342000000000,0.019200000000
1497389206,2119.220000000000,0.042000000000
1497389294,2120.706000000000,0.028000000000
1497389299,2120.706000000000,0.052700000000
1497389299,2120.706000000000,0.013500000000
1497389299,2120.706000000000,0.076400000000
1497389373,2120.661000000000,0.042028190000
1497389373,2120.661000000000,0.104800000000
1497389373,2120.660000000000,0.042028190000
1497389373,2129.213000000000,0.016143620000
1497389373,2120.663000000000,0.200000000000
1497389389,2129.213000000000,0.083856380000
1497389389,2120.662000000000,0.104700000000
1497389409,2131.403000000000,0.189000000000
1497389423,2129.211000000000,0.016955340000
1497389423,2129.211000000000,0.026044660000
1497389437,2129.210000000000,0.026044660000
1497389453,2131.402000000000,0.010000000000
1497389453,2129.209000000000,0.026044660000
1497389453,2131.403000000000,0.033955350000
1497389453,2131.275000000000,0.061999990000
1497389475,2131.402000000000,0.104200000000
1497389475,2132.200000000000,0.059755340000
1497389475,2131.275000000000,0.062000000000
1497389475,2131.402000000000,0.026044660000
1497389495,2131.930000000000,0.032300000000
1497389498,2131.930000000000,0.100700000000
1497389498,2131.930000000000,0.082358550000
1497389514,2131.931000000000,0.012000000000
1497389514,2131.931000000000,0.104300000000
1497389517,2131.931000000000,0.037800000000
1497389518,2131.931000000000,0.037700000000
1497389518,2131.931000000000,0.191000000000
1497389518,2131.931000000000,0.037600000000
1497389518,2131.931000000000,0.037800000000
1497389518,2131.931000000000,0.234800000000
1497389518,2131.931000000000,0.037800000000
1497389518,2131.931000000000,0.085988690000
1497389518,2131.931000000000,0.066700000000
1497389518,2131.931000000000,0.017549970000
1497389524,2131.931000000000,0.037800000000
1497389524,2131.931000000000,0.014100000000
1497389524,2131.931000000000,0.037700000000
1497389524,2131.931000000000,0.037700000000
1497389524,2131.931000000000,0.037700000000
1497389524,2131.931000000000,0.037700000000
1497389524,2132.198000000000,0.010489310000
1497389530,2131.931000000000,0.110600000000
1497389530,2131.930000000000,0.034800000000
1497389530,2131.931000000000,0.037700000000
1497389530,2131.931000000000,0.030900000000
1497389567,2103.040000000000,0.105600000000
1497389567,2103.040000000000,0.038200000000
1497389575,2103.040000000000,0.037300000000
1497389581,2103.042000000000,0.038200000000
1497389584,2103.042000000000,0.014100000000
1497389589,2103.042000000000,0.013100000000
1497389593,2103.042000000000,0.048239990000
1497389594,2103.042000000000,0.035300000000
1497389605,2103.042000000000,0.012000000000
1497389608,2131.924000000000,0.014700000000
1497389608,2131.926000000000,1.315300000000
1497389625,2103.042000000000,0.019100000000
1497389649,2103.043000000000,0.020393080000
1497389657,2103.044000000000,0.044954160000
1497389674,2103.044000000000,0.028800000000
1497389674,2103.044000000000,0.034400000000
1497389674,2103.044000000000,0.019200000000
1497389678,2130.447000000000,0.000600000000
1497389681,2103.044000000000,0.018200000000
1497389696,2129.444000000000,0.019000000000
1497389704,2103.043000000000,0.279606920000
1497389704,2103.043000000000,0.080297090000
1497389708,2103.043000000000,1.000000000000
1497389719,2103.043000000000,0.019200000000
1497389719,2103.043000000000,0.016300000000
1497389719,2103.043000000000,0.032400000000
1497389719,2103.043000000000,0.088900000000
1497389723,2103.044000000000,0.105700000000
1497389723,2103.044000000000,0.001592470000
1497389726,2103.044000000000,0.001590210000
1497389726,2103.044000000000,0.051300000000
1497389729,2103.044000000000,0.065100000000
1497389732,2103.045000000000,0.019200000000
1497389741,2103.045000000000,0.105700000000
1497389741,2103.045000000000,0.019200000000
1497389748,2127.252000000000,0.014191240000
1497389763,2103.045000000000,0.081598000000
1497389769,2103.045000000000,0.360265030000
1497389769,2103.045000000000,0.144500000000
1497389769,2103.045000000000,0.238000000000
1497389772,2103.045000000000,0.081598000000
1497389780,2124.984000000000,0.000402000000
1497389780,2103.045000000000,0.037798000000
1497389787,2103.045000000000,0.020500000000
1497389787,2103.045000000000,0.090500000000
1497389787,2103.045000000000,0.105600000000
1497389790,2103.045000000000,0.104500000000
1497389791,2103.045000000000,0.013300000000
1497389797,2103.045000000000,1.000000000000
1497389800,2103.045000000000,0.081422310000
1497389803,2103.045000000000,0.105700000000
1497389807,2103.045000000000,0.019200000000
1497389807,2103.045000000000,0.105700000000
1497389807,2103.045000000000,0.105700000000
1497389807,2103.045000000000,0.074400000000
1497389810,2103.045000000000,0.048200000000
1497389814,2103.045000000000,0.013269720000
1497389814,2103.045000000000,0.058500000000
1497389814,2103.045000000000,0.104300000000
1497389817,2103.045000000000,1.000000000000
1497389817,2103.045000000000,0.061100000000
1497389817,2103.045000000000,0.105700000000
1497389817,2103.045000000000,0.105600000000
1497389820,2103.045000000000,0.296546940000
1497389823,2103.045000000000,0.234110090000
1497389823,2103.045000000000,0.160321280000
1497389823,2103.045000000000,0.295400000000
1497389823,2103.045000000000,0.038500000000
1497389823,2103.045000000000,0.002003760000
1497389829,2103.046000000000,0.069976870000
1497389829,2103.046000000000,0.105600000000
1497389829,2103.046000000000,0.046300000000
1497389835,2103.046000000000,0.004203820000
1497389840,2103.000000000000,0.027500000000
1497389841,2103.000000000000,0.105700000000
1497389851,2103.000000000000,0.070237910000
1497389852,2103.046000000000,0.020500000000
1497389852,2103.046000000000,0.014800000000
1497389854,2103.047000000000,0.111177950000
1497389857,2122.690000000000,0.095800470000
1497389860,2123.976000000000,0.014500000000
1497389864,2103.047000000000,0.104300000000
1497389864,2103.047000000000,0.020000000000
1497389864,2103.047000000000,0.105600000000
1497389864,2103.047000000000,0.046145890000
1497389866,2103.047000000000,0.105600000000
1497389869,2103.047000000000,0.274000020000
1497389872,2103.047000000000,0.022354000000
1497389878,2103.047000000000,0.019200000000
1497389881,2103.047000000000,0.019300000000
1497389881,2103.047000000000,0.154000000000
1497389885,2122.687000000000,0.121000000000
1497389888,2103.047000000000,0.033551290000
1497389889,2103.047000000000,0.033551290000
1497389891,2103.047000000000,0.098681650000
1497389891,2103.047000000000,0.007018350000
1497389891,2103.047000000000,0.016100000000
1497389891,2103.047000000000,0.013300000000
1497389892,2103.047000000000,0.075762420000
1497389895,2103.000000000000,0.105600000000
1497389895,2103.047000000000,0.100300000000
1497389895,2103.047000000000,0.030500000000
1497389895,2103.047000000000,0.035454200000
1497389895,2103.047000000000,0.029145800000
1497389903,2103.000000000000,0.273930810000
1497389903,2103.000000000000,0.081565110000
1497389903,2100.003000000000,0.027522070000
1497389906,2103.000000000000,0.075700000000
1497389906,2100.003000000000,0.105600000000
1497389906,2100.003000000000,0.034900000000
1497389906,2103.000000000000,0.012300000000
1497389906,2103.000000000000,0.105700000000
1497389906,2122.686000000000,0.020245800000
1497389906,2103.047000000000,0.093854200000
1497389906,2103.000000000000,0.105700000000
1497389909,2100.003000000000,0.035600000000
1497389912,2100.003000000000,0.023800000000
1497389921,2100.003000000000,0.032200000000
1497389924,2100.003000000000,0.013115590000
1497389924,2100.003000000000,0.063300000000
1497390100,2120.327000000000,0.034000000000
1497390142,2120.323000000000,0.034000000000
1497390330,2121.545000000000,0.027829150000
1497391264,2101.630000000000,0.006046200000
1497391264,2101.630000000000,0.017953800000
1497391772,2110.002000000000,0.002842370000
1497391775,2110.002000000000,0.111316720000
1497391775,2110.002000000000,0.002852280000
1497391841,2119.704000000000,0.018399000000
1497391841,2134.363000000000,0.350456920000
1497391841,2134.347000000000,0.065641670000
1497391841,2134.346000000000,0.029174070000
1497391880,2134.343000000000,0.011556660000
1497391880,2128.739000000000,0.004143340000
1497394270,2129.361000000000,0.032932410000
1497394270,2129.361000000000,0.074097920000
1497394270,2129.362000000000,0.023469670000
1497396572,2129.146000000000,0.023700000000
1497398821,2128.862000000000,0.023059950000
1497399805,2128.787000000000,0.005518410000
1497400151,2128.745000000000,0.023700000000
1497400151,2128.745000000000,0.019600000000
1497400154,2128.744000000000,0.023700000000
1497403130,2110.170000000000,0.006000000000
1497403523,2128.660000000000,0.006015640000
1497403523,2126.833000000000,0.003080520000
1497404348,2142.949000000000,0.007630940000
1497406062,2128.743000000000,0.012000000000
1497406076,2128.744000000000,0.264530330000
1497408175,2117.496000000000,0.060000000000
1497408491,2157.000000000000,0.150000000000
1497408829,2157.000000000000,0.796956980000
1497410832,2157.020000000000,0.015500000000
1497410952,2157.020000000000,0.023400000000
1497410952,2157.020000000000,0.023400000000
1497410955,2157.020000000000,0.013700000000
1497410960,2157.020000000000,0.031100000000
1497410962,2157.020000000000,0.023400000000
1497410986,2157.020000000000,0.023400000000
1497410992,2157.020000000000,0.023400000000
1497410992,2157.020000000000,0.010900000000
1497410998,2157.020000000000,0.002579320000
1497411011,2157.020000000000,0.013100000000
1497411011,2157.020000000000,0.101000000000
1497411026,2157.020000000000,0.023400000000
1497411028,2157.020000000000,0.023400000000
1497411030,2157.020000000000,0.023400000000
1497411030,2157.020000000000,0.023400000000
1497411030,2157.020000000000,0.023400000000
1497411032,2157.020000000000,0.023400000000
1497411033,2157.020000000000,0.023400000000
1497411033,2157.020000000000,0.023400000000
1497411035,2157.020000000000,0.023400000000
1497411035,2157.020000000000,0.081300000000
1497411035,2157.020000000000,0.023400000000
1497411035,2157.020000000000,0.023400000000
1497411036,2157.020000000000,0.023400000000
1497411036,2157.020000000000,0.023400000000
1497411036,2157.020000000000,0.020500000000
1497411036,2157.020000000000,0.023300000000
1497411038,2157.020000000000,0.023400000000
1497411038,2157.020000000000,0.032500000000
1497411040,2157.020000000000,0.009192190000
1497411040,2157.020000000000,0.023400000000
1497411040,2157.020000000000,0.023400000000
1497411040,2157.020000000000,0.023400000000
1497411042,2157.020000000000,0.018900000000
1497411042,2157.020000000000,0.023400000000
1497411061,2157.020000000000,0.023400000000
1497411064,2157.020000000000,0.023400000000
1497411066,2157.020000000000,0.016400000000
1497411068,2157.020000000000,0.010482360000
1497411070,2157.020000000000,0.010400000000
1497411070,2157.020000000000,0.013100000000
1497411072,2157.020000000000,0.349261890000
1497411072,2157.020000000000,0.010022220000
1497411074,2157.020000000000,0.023400000000
1497411074,2157.020000000000,0.325264030000
1497411074,2157.020000000000,0.023400000000
1497411076,2157.020000000000,0.023400000000
1497411076,2157.020000000000,0.023400000000
1497411077,2157.020000000000,0.023400000000
1497411077,2157.020000000000,0.023400000000
1497411077,2157.020000000000,0.023400000000
1497411079,2157.020000000000,0.012899990000
1497411079,2157.020000000000,0.111085910000
1497411081,2157.020000000000,0.118000000000
1497411084,2157.020000000000,0.015400000000
1497411084,2157.020000000000,0.023400000000
1497411084,2157.020000000000,0.457478190000
1497411084,2157.020000000000,0.023400000000
1497411085,2157.020000000000,0.011433920000
1497411085,2157.020000000000,0.081300000000
1497411085,2157.020000000000,0.023400000000
1497411091,2157.020000000000,0.011652340000
1497411095,2157.020000000000,0.350134470000
1497411097,2157.020000000000,1.000000000000
1497411098,2157.020000000000,0.011670480000
1497411101,2157.020000000000,0.011670480000
1497411103,2157.020000000000,0.458021010000
1497411104,2157.020000000000,0.114800000000
1497411106,2157.020000000000,0.023400000000
1497411106,2157.020000000000,0.023400000000
1497411106,2157.020000000000,0.023400000000
1497411106,2157.020000000000,0.023400000000
1497411108,2157.020000000000,0.023400000000
1497411108,2157.020000000000,0.023400000000
1497411108,2157.020000000000,0.023400000000
1497411110,2157.020000000000,0.014932370000
1497411115,2157.020000000000,0.011214050000
1497411116,2157.020000000000,0.279307000000
1497411123,2157.020000000000,0.013317820000
1497411123,2157.020000000000,0.279307000000
1497411123,2157.020000000000,0.179273000000
1497411128,2157.020000000000,0.015188820000
1497411128,2157.020000000000,0.104400000000
1497411128,2157.020000000000,0.013600000000
1497411132,2157.020000000000,0.023400000000
1497411133,2157.020000000000,0.023300000000
1497411133,2157.020000000000,0.013326130000
1497411133,2157.020000000000,0.023400000000
1497411135,2157.020000000000,0.023300000000
1497411137,2157.020000000000,0.397562350000
1497411140,2157.020000000000,0.279634000000
1497411140,2157.020000000000,0.016876970000
1497411144,2157.020000000000,0.018833330000
1497411144,2157.020000000000,0.179506000000
1497411144,2157.020000000000,0.279634000000
1497411145,2157.020000000000,0.023400000000
1497411145,2157.020000000000,0.023400000000
1497411145,2157.020000000000,0.023400000000
1497411145,2157.020000000000,0.023400000000
1497411145,2157.020000000000,0.023400000000
1497411145,2157.020000000000,0.023400000000
1497411145,2157.020000000000,0.023400000000
1497411145,2157.020000000000,0.023400000000
1497411145,2157.020000000000,0.023400000000
1497411145,2157.020000000000,0.023400000000
1497411145,2157.020000000000,0.023400000000
1497411145,2157.020000000000,0.023400000000
1497411145,2157.020000000000,0.023400000000
1497411145,2157.020000000000,0.023400000000
1497411145,2157.020000000000,0.023400000000
1497411145,2157.020000000000,0.023400000000
1497411145,2157.020000000000,0.023400000000
1497411145,2157.020000000000,0.023400000000
1497411145,2157.020000000000,0.023400000000
1497411147,2157.020000000000,0.023400000000
1497411147,2157.020000000000,0.023400000000
1497411147,2157.020000000000,0.023400000000
1497411147,2157.020000000000,0.023400000000
1497411147,2157.020000000000,0.023400000000
1497411147,2157.020000000000,0.023400000000
1497411147,2157.020000000000,0.023400000000
1497411149,2157.020000000000,0.023400000000
1497411149,2157.020000000000,0.023400000000
1497411149,2157.020000000000,0.023400000000
1497411149,2157.020000000000,0.023400000000
1497411149,2157.020000000000,0.023400000000
1497411149,2157.020000000000,0.023400000000
1497411149,2157.020000000000,0.023400000000
1497411149,2157.020000000000,0.023400000000
1497411153,2157.020000000000,0.023400000000
1497411153,2157.020000000000,0.080100000000
1497411153,2157.020000000000,0.010400000000
1497411155,2157.020000000000,0.023400000000
1497411155,2157.020000000000,0.398090230000
1497411155,2157.020000000000,0.023400000000
1497411155,2157.020000000000,0.023400000000
1497411155,2157.020000000000,0.081300000000
1497411155,2157.020000000000,0.017796240000
1497411157,2157.020000000000,0.020296230000
1497411157,2157.020000000000,0.023400000000
1497411159,2157.020000000000,0.020293660000
1497411164,2157.020000000000,0.179505220000
1497411165,2157.020000000000,0.021121350000
1497411168,2157.020000000000,0.279974000000
1497411171,2157.020000000000,0.935404450000
1497411454,2140.460000000000,0.023600000000
1497411488,2140.460000000000,0.023600000000
1497411609,2140.460000000000,0.023500000000
1497411656,2140.460000000000,0.017800000000
1497411969,2154.714000000000,0.039101660000
1497415443,2142.047000000000,0.023500000000
1497416595,2129.747000000000,0.818930000000
1497417104,2130.787000000000,0.300000000000
1497417104,2130.786000000000,0.300033800000
1497417104,2130.787000000000,0.964600000000
1497417638,2153.389000000000,0.088828370000
1497417638,2172.247000000000,1.905650310000
1497417638,2153.395000000000,0.005521320000
1497418881,2154.395000000000,0.006754140000
1497418887,2154.395000000000,0.018145860000
1497419956,2140.000000000000,0.229000000000
1497420368,2172.857000000000,5.797430560000
1497420368,2172.856000000000,0.002569440000
1497420557,2172.844000000000,0.221820560000
1497420557,2171.668000000000,0.008289440000
1497421341,2172.869000000000,0.059294760000
1497421341,2172.856000000000,0.038906900000
1497421341,2172.856000000000,0.151798340000
1497422371,2156.907000000000,0.004248220000
1497424599,2142.073000000000,0.059294760000
1497424647,2142.070000000000,0.912061890000
1497424647,2142.070000000000,0.048474540000
1497424696,2142.066000000000,0.023600000000
1497424701,2142.066000000000,0.012900000000
1497424760,2142.065000000000,0.002639670000
1497424765,2142.065000000000,0.023600000000
1497424777,2142.064000000000,0.023600000000
1497425836,2127.439000000000,0.002000000000
1497426990,2151.530000000000,0.452000000000
1497427386,2110.007000000000,0.021069280000
1497427386,2136.874000000000,0.002830720000
1497428113,2130.645000000000,0.208830820000
1497428113,2130.646000000000,0.019169180000
1497428119,2130.647000000000,0.019300000000
1497428119,2131.550000000000,0.012507890000
1497428127,2130.645000000000,0.020000000000
1497428171,2130.642000000000,0.056565540000
1497428411,2110.004000000000,0.268760330000
1497428556,2136.120000000000,0.023600000000
1497428556,2136.120000000000,0.012900000000
1497428556,2136.118000000000,0.116094600000
1497428618,2120.000000000000,0.000751780000
1497432011,2167.597000000000,1.586251680000
1497432011,2167.596000000000,0.216683090000
1497432011,2151.961000000000,0.007028380000
1497433407,2167.597000000000,0.097500000000
1497433411,2167.597000000000,0.023300000000
1497433411,2167.597000000000,0.023300000000
1497433411,2167.597000000000,0.023300000000
1497433411,2167.597000000000,0.023300000000
1497433411,2167.597000000000,0.023300000000
1497433411,2167.597000000000,0.023300000000
1497433411,2167.597000000000,0.030512110000
1497433411,2167.597000000000,0.023300000000
1497433411,2167.597000000000,0.023300000000
1497433411,2167.597000000000,0.023300000000
1497433411,2167.597000000000,0.023300000000
1497433411,2167.597000000000,0.023300000000
1497433411,2167.597000000000,0.023300000000
1497433411,2167.597000000000,0.023300000000
1497433415,2167.597000000000,0.023300000000
1497433415,2167.597000000000,0.023300000000
1497433415,2167.597000000000,0.023300000000
1497433415,2167.597000000000,0.023300000000
1497433418,2167.597000000000,0.023300000000
1497433418,2167.597000000000,0.023300000000
1497433418,2167.597000000000,0.023300000000
1497433421,2167.597000000000,0.030512110000
1497433423,2167.597000000000,0.023300000000
1497433423,2167.597000000000,0.079657680000
1497433426,2167.597000000000,0.010000000000
1497433429,2167.597000000000,0.011206880000
1497433429,2167.597000000000,0.140333800000
1497433523,2150.000000000000,0.023300000000
1497434234,2167.348000000000,0.229764530000
1497434234,2167.348000000000,0.023300000000
1497434234,2167.348000000000,0.023300000000
1497434234,2167.348000000000,0.023300000000
1497434234,2167.347000000000,0.102117570000
1497434234,2166.972000000000,0.014959030000
1497434234,2167.348000000000,0.011993120000
1497434234,2172.997000000000,0.081300000000
1497434234,2172.998000000000,3.000000000000
1497434234,2167.348000000000,0.010100000000
1497434236,2167.346000000000,6.479865750000
1497434882,2168.856000000000,0.086075550000
1497434882,2168.962000000000,5.747000000000
1497434882,2168.856000000000,0.081000000000
1497434882,2182.802000000000,0.060000000000
1497434882,2186.028000000000,0.018966480000
1497434882,2173.000000000000,0.471000000000
1497434883,2203.299000000000,1.422400000000
1497434883,2279.899000000000,2.574547970000
